2684 4209
641 248 676 293 2
1058 229 1418 313 QuAEsno
1468 231 1945 292 PROOEMIALIS

593 444 685 501 cst
732 436 1054 508 naturale,
1110 445 1347 510 totum,
1397 436 1560 497 idest
1603 435 1891 517 potentia
1932 444 1997 498 et
2050 436 2369 511 additum,
2417 458 2511 500 es-

593 552 687 605 set
731 543 1393 625 improportionatum
1443 541 1723 622 objecto,

724 651 805 713 In
865 650 1266 713 contrarium
1320 656 1417 711 est
1487 648 1904 731 Augustinus
1974 667 2076 732 15.
2141 650 2243 712 De
2304 652 2365 714 T
2355 651 2516 713 rini-

593 768 721 820 Γαῖα
786 767 922 838 cap.
988 757 1234 819 ultimo.
1317 754 1509 838 Quae,
1568 755 1795 837 inquit,
1853 776 2067 830 causa,
2135 777 2248 819 cur
2307 757 2513 838 ipsam

597 865 804 926 lucem
852 864 988 926 acie
1033 861 1168 924 fixa
1213 863 1432 925 videre
1478 882 1608 924 non
1659 862 1903 944 possis?
1951 862 2202 925 nonnisi
2251 861 2516 925 infirmi-

597 981 716 1045 tas;
766 979 831 1031 et
877 970 1021 1052 quis
1067 970 1180 1031 tibi
1228 989 1374 1031 eam
1423 968 1614 1032 fecit?
1662 968 1915 1031 nonnisi
1963 970 2285 1051 iniquitas,

728 1076 958 1140 CIRCA
1006 1089 1229 1139 ISTAM
1278 1088 1778 1151 QUAESTIONEM
1842 1085 1993 1138 sunt
2039 1085 2167 1139 tres
2214 1077 2514 1139 Articuli.

597 1184 841 1257 Prima
869 1193 1145 1265 ponetur
1179 1182 1399 1264 opinio
1432 1182 1993 1264 philosophorum.
2032 1182 2342 1257 SecundO,
2384 1185 2519 1266 opi-

597 1293 701 1353 nio
733 1289 1213 1372 theologorum.
1262 1289 1488 1364 Tertio,
1522 1290 1771 1352 dicetur
1803 1288 1885 1351 ad
1921 1290 2200 1352 rationes
2239 1289 2519 1372 philoso-

597 1397 897 1477 phorum.

737 1608 1189 1695 Quantum
1237 1610 1367 1676 ad
1396 1610 1796 1693 primum
1846 1609 2071 1673 dicunt
2120 1609 2511 1693 philosophi,

593 1717 770 1797 quod
828 1737 958 1779 non
1001 1726 1098 1779 est
1141 1716 1568 1780 necessarium
1604 1715 1849 1779 homini
1899 1737 2018 1798 pro
2066 1725 2235 1779 statu
2277 1717 2400 1779 isto
2447 1739 2510 1779 a·

597 1825 835 1906 liquam
869 1824 1232 1890 doctrinam
1266 1823 1832 1905 supernaturaliter
1864 1823 2175 1905 inspirari,
2202 1824 2355 1905 quia
2380 1844 2519 1886 om-

597 1951 742 1993 nem
799 1929 1130 2006 scientiam
1194 1930 1312 1992 sibi
1376 1930 1795 1993 necessariam
1861 1940 2074 2013 potest
2138 1931 2512 1993 naturaliter

597 2037 943 2131 acquirere.
996 2036 1194 2117 Quod
1243 2037 1587 2119 probatur:

721 2142 982 2210 Primo
1042 2144 1158 2205 sic:
1225 2143 1460 2207 Omnis
1544 2143 1834 2225 potentia
1922 2143 2167 2206 habens
2252 2144 2518 2226 aliquod

589 2270 938 2313 commune
985 2272 1104 2332 pro
1151 2250 1409 2331 objecto
1473 2252 1705 2331 primo,
1770 2259 1984 2332 potest
2046 2251 2109 2313 in
2174 2251 2513 2333 quodlibet

589 2366 966 2420 contentum
1016 2357 1137 2419 sub
1185 2357 1311 2429 illo,
1362 2357 1525 2419 sicut
1573 2357 1636 2419 in
1685 2377 1798 2437 per
1845 2377 1912 2419 se
1952 2357 2306 2437 objectum,
2350 2358 2507 2419 alias

593 2464 871 2545 primum
918 2464 1251 2544 objectum
1301 2484 1433 2525 non
1480 2472 1647 2525 esset
1694 2463 2153 2545 adaequatum;
2189 2464 2369 2545 quod
2402 2485 2516 2546 pa-

593 2580 678 2633 [ct
725 2571 788 2633 in
837 2571 1143 2652 exemplo
1191 2571 1272 2631 de
1304 2570 1608 2651 potentiis
1640 2570 1954 2632 sensitivis
1986 2579 2050 2631 et
2083 2570 2373 2650 ipsarum
2406 2571 2519 2631 ob-

585 2677 784 2755 jectis.
846 2676 974 2739 Sed
1023 2678 1306 2759 primum
1370 2676 1701 2757 objectum
1751 2676 1948 2737 nostri
2016 2675 2375 2737 intellectus
2420 2686 2519 2737 est

593 2804 701 2845 cns
748 2783 1133 2864 inquantum
1181 2803 1312 2856 ens,
1371 2803 1484 2863 per
1538 2782 1812 2844 Avicen.
1879 2801 1937 2845 Ι.
1999 2782 2293 2864 Metaplc.
2342 2804 2393 2843 c.
2443 2801 2515 2864 5.

593 2893 771 2973 Ergo
819 2898 1032 2971 potest
1080 2890 1438 2952 intellectus
1486 2889 1548 2951 in
1593 2889 1929 2970 quodlibet
1962 2898 2342 2952 contentum
2391 2889 2516 2951 sub

593 3006 736 3058 unte
793 2997 954 3058 sicut
1012 2996 1074 3057 in
1132 3017 1245 3078 per
1293 3017 1361 3057 se
1408 2995 1759 3076 objectum,
1814 3005 1879 3058 et
1942 3016 2055 3078 per
2113 3017 2521 3079 consequens

593 3105 756 3165 circa
789 3103 1125 3185 quodlibet
1178 3123 1308 3164 non
1352 3123 1484 3175 enS,
1519 3102 1670 3184 quia
1704 3103 2079 3184 negationes
2110 3124 2520 3185 cognoscun-

593 3221 692 3272 tur
726 3231 838 3291 per
870 3209 1347 3281 affirmationeS,
1381 3230 1464 3270 ex
1494 3227 1557 3291 4.
1593 3207 1887 3290 Metaple.
1920 3219 2004 3271 et.
2048 3228 2108 3271 2.
2144 3208 2516 3272 Perlzierm.

722 3311 1064 3383 Secundo
1081 3317 1187 3377 sic:
1219 3316 1456 3377 Potens
1481 3316 1854 3377 naturaliter
1884 3336 2277 3397 cognoscere
2304 3316 2521 3396 prima

593 3423 898 3505 principia
948 3423 1009 3484 in
1043 3422 1278 3504 quibus
1313 3422 1733 3484 includuntur
1781 3443 2008 3484 omnes
2042 3422 2522 3487 Conclusiones
2593 3403 2618 3460 x·

2668 3768 2684 4185 l

593 3529 852 3602 scibile-S,
904 3538 1115 3611 potest
1165 3528 1537 3590 naturaliter
1584 3529 1721 3589 illas
1756 3528 2220 3592 Conclusiones
2266 3549 2524 3609 cogno-

593 3656 780 3710 scere,
847 3657 930 3697 ex
997 3655 1052 3698 I.
1118 3635 1292 3698 Post.
1315 3659 1339 3697 ,·
1409 3636 1520 3697 sed
1580 3636 1953 3698 naturaliter
2013 3655 2359 3716 possumus
2413 3656 2527 3699 co-
