2684 4209
404 262 561 327 Pnunou.
588 261 735 341 Qussr.
761 262 789 323 ΙΙ
1053 280 1090 325 21

218 465 395 537 Proetcrca,
425 466 557 528 scientia
588 466 808 529 subalternata
839 467 1034 548 inquantum
1066 489 1119 530 su-

151 572 336 635 balternata
359 582 408 635 est
431 594 506 635 vera
530 573 679 648 scientia;
711 574 768 636 sed
799 574 932 635 scientia
963 574 1119 637 subalter-

154 688 230 741 nata
250 680 446 761 inquantum
472 680 693 741 subalternata
716 680 814 741 habet
838 680 995 762 principia
1018 682 1118 743 credi-

152 794 200 859 ta;
226 806 305 867 ergo
329 796 467 847 nonest
498 796 612 848 contra
636 788 794 848 rationem
823 788 965 849 scientiae
998 786 1118 850 habere

153 892 310 973 principia
341 894 480 964 credita:
504 914 584 974 ergo
615 893 765 973 quamvis
811 891 982 975 Theologia
1006 903 1118 956 nostra

154 998 273 1061 habeat
297 1000 453 1079 principia
476 1000 607 1071 credita,
634 1021 698 1061 non
723 999 831 1061 obstat
852 1001 930 1080 quin
955 1000 996 1062 sit
1016 1001 1117 1063 scien-

153 1106 207 1167 tia.
230 1103 460 1188 Confirmatio,
489 1128 532 1168 ex
555 1106 586 1168 6.
614 1106 722 1168 Etltic.
748 1106 800 1167 ubi
831 1106 947 1168 dicitur
970 1107 1060 1187 quod
1085 1107 1116 1169 in

149 1212 292 1275 scientiis
308 1213 425 1275 sufficit
442 1213 598 1293 principia
622 1234 691 1274 esse
713 1223 746 1274 et
770 1213 949 1293 aliqualiter
972 1223 1059 1275 nota.

224 1315 371 1386 Contra.
387 1319 526 1383 Scientia
539 1320 763 1381 subalternans
774 1330 807 1381 et
819 1320 1038 1382 subalternata
1050 1341 1117 1382 non

151 1436 228 1487 sunt
252 1425 293 1488 de
316 1426 436 1488 eisdem
462 1425 733 1488 conclusionibus.
759 1426 936 1488 Probatur:
961 1427 1037 1507 quia
1062 1426 1117 1488 ubi

152 1532 377 1595 subalternans
394 1533 594 1605 terminatur,
613 1533 654 1593 ibi
672 1533 892 1594 subalternata
917 1532 1042 1614 incipit;
1060 1534 1117 1595 sed

152 1639 334 1722 Theologia
359 1650 468 1701 vostra
491 1650 523 1701 et
547 1639 710 1702 brutorum
734 1650 810 1701 sunt
834 1640 875 1700 de
898 1639 1019 1701 eisdem
1041 1659 1116 1702 con·

152 1746 351 1808 clusionibus
370 1746 497 1826 primo:
522 1766 602 1827 ergo
631 1767 696 1809 non
728 1756 776 1807 est
807 1745 1036 1807 subalternata.
1063 1745 1117 1808 Se-

151 1852 266 1925 cunab,
296 1852 336 1914 de
362 1852 433 1914 Deo
458 1873 522 1914 non
548 1862 655 1933 potest
678 1874 747 1913 esse
770 1852 902 1914 scientia
923 1852 981 1913 nisi
1007 1852 1116 1929 unica;

152 1980 232 2041 ergo
256 1980 321 2022 non
348 1958 444 2022 habet
469 1960 610 2041 aliquam
635 1960 693 2021 sibi
724 1960 988 2021 subalternatam.
1019 1959 1117 2021 Proh.

151 2066 351 2137 aretecedens,
379 2067 454 2147 quia
478 2087 697 2147 quaecurnque
720 2066 895 2127 virtualiter
912 2066 1118 2128 continentur

154 2173 185 2235 in
210 2172 319 2253 aliquo
343 2173 490 2253 subjecto
515 2174 630 2255 primo,
655 2173 818 2253 pertinent
840 2173 881 2233 ad
912 2174 998 2234 illam
1019 2173 1120 2236 scien·

152 2280 232 2341 tiam
258 2300 334 2361 quae
362 2280 544 2341 considerat
575 2279 759 2360 subjectum
792 2279 870 2341 illud
901 2278 962 2341 sub
994 2280 1119 2341 ratione

152 2408 220 2467 qua
243 2386 420 2447 virtualiter
444 2386 588 2449 continet
612 2387 685 2459 ista;
711 2386 766 2447 sed
791 2388 901 2447 omnia
929 2406 986 2467 per
1010 2406 1044 2447 se
1067 2407 1120 2448 co-

155 2492 345 2574 gnoscibilia
375 2493 416 2553 de
451 2493 523 2555 Deo
554 2494 761 2555 continentur
793 2493 968 2554 virtualiter
1000 2493 1031 2555 in
1064 2493 1119 2555 illo

153 2599 215 2661 sub
240 2599 363 2661 ratione
387 2600 530 2673 deitatis;
559 2620 639 2681 crgo
670 2602 711 2662 de
741 2621 781 2660 eo
813 2620 878 2661 uon
910 2609 1018 2680 potest
1049 2619 1119 2661 esse

154 2706 213 2767 nisi
239 2706 334 2767 unica
357 2706 497 2768 scientia.

221 2812 401 2875 Praeterea:
428 2812 550 2875 babens
574 2813 740 2874 scientiam
758 2814 1035 2874 subalternantem
1060 2833 1119 2893 po·

152 2928 217 2982 test
241 2918 360 2981 habere
383 2920 549 2981 scientiam
574 2920 838 2991 subalternatam,
863 2930 929 2981 etc
950 2939 1117 2993 converso,

153 3027 231 3107 quia
256 3046 320 3087 non
346 3036 421 3087 sunt
446 3026 723 3107 incompossibiles
754 3027 859 3087 simul.
893 3026 958 3088 Sed
990 3026 1021 3087 in
1046 3046 1118 3106 pro-

154 3133 263 3213 posito
286 3142 462 3213 utrumque
485 3142 534 3194 est
558 3132 763 3213 impossibile.
790 3133 890 3213 Erg0,
915 3142 975 3193 etc.

222 3239 405 3302 Prceterea:
430 3240 626 3320 Principium
652 3250 701 3301 est
724 3240 813 3320 apud
836 3260 892 3301 eos
923 3239 1013 3319 quod
1037 3237 1117 3302 fides

153 3356 187 3407 et
210 3346 343 3409 scientia
376 3366 439 3408 non
472 3356 609 3426 possunt
640 3367 709 3407 esse
741 3346 771 3407 in
803 3346 920 3426 eodem
953 3345 1119 3407 intellectu

154 3454 196 3514 de
219 3454 336 3515 eodem
361 3452 501 3533 objecto,
528 3461 564 3514 ut
588 3463 677 3533 patet
701 3472 730 3515 2.
755 3472 785 3515 2.
811 3474 840 3534 q.
873 3470 902 3514 1.
935 3472 965 3513 a.
999 3470 1028 3530 5.
1061 3452 1119 3514 sed

155 3560 287 3623 scientia
311 3560 539 3631 subalternam,
557 3561 737 3621 secundum
761 3580 826 3632 e05,
851 3568 899 3619 est
923 3580 998 3620 vera
1021 3558 1122 3620 scien-

155 3668 213 3741 tia;
237 3688 318 3749 ergo
335 3686 400 3729 non
418 3676 481 3728 stat
497 3686 572 3727 curn
590 3665 662 3728 fide.
