<?xml version="1.0" encoding="UTF-8"?>
<!DOCTYPE html PUBLIC "-//W3C//DTD XHTML 1.0 Transitional//EN"
    "http://www.w3.org/TR/xhtml1/DTD/xhtml1-transitional.dtd">
<html xmlns="http://www.w3.org/1999/xhtml" xml:lang="en" lang="en">
 <head>
  <title>
</title>
<meta http-equiv="Content-Type" content="text/html;charset=utf-8" />
  <meta name='ocr-system' content='tesseract 3.04.00' />
  <meta name='ocr-capabilities' content='ocr_page ocr_carea ocr_par ocr_line ocrx_word'/>
</head>
<body>
  <div class='ocr_page' id='page_1' title='image "./commentariainli01scotgoog_0215.png"; bbox 0 0 2684 4209; ppageno 0'>
   <div class='ocr_carea' id='block_1_1' title="bbox 430 946 917 1055">
    <p class='ocr_par' dir='ltr' id='par_1_1' title="bbox 430 946 917 1055">
     <span class='ocr_line' id='line_1_1' title="bbox 430 946 917 1055; baseline 0.008 -4"><span class='ocrx_word' id='word_1_1' title='bbox 430 946 750 1055; x_wconf 85' lang='lat' dir='ltr'><strong>Distinctio</strong></span> <span class='ocrx_word' id='word_1_2' title='bbox 789 947 917 1055; x_wconf 92' lang='lat' dir='ltr'><strong>XII.</strong></span> 
     </span>
    </p>
   </div>
   <div class='ocr_carea' id='block_1_2' title="bbox 185 1213 1151 1438">
    <p class='ocr_par' dir='ltr' id='par_1_2' title="bbox 185 1213 1151 1438">
     <span class='ocr_line' id='line_1_2' title="bbox 271 1213 1151 1313; baseline 0.005 -24"><span class='ocrx_word' id='word_1_3' title='bbox 271 1214 371 1291; x_wconf 80' lang='lat' dir='ltr'><strong>item</strong></span> <span class='ocrx_word' id='word_1_4' title='bbox 397 1214 603 1313; x_wconf 76' lang='lat' dir='ltr'><strong>quaenitun</strong></span> <span class='ocrx_word' id='word_1_5' title='bbox 626 1213 764 1291; x_wconf 66' lang='lat' dir='ltr'><strong>utrum</strong></span> <span class='ocrx_word' id='word_1_6' title='bbox 793 1216 922 1293; x_wconf 69' lang='lat' dir='ltr'><strong>Patet*</strong></span> <span class='ocrx_word' id='word_1_7' title='bbox 949 1220 994 1293; x_wconf 84' lang='lat' dir='ltr'><strong>et</strong></span> <span class='ocrx_word' id='word_1_8' title='bbox 1026 1216 1151 1293; x_wconf 72' lang='lat' dir='ltr'><strong>fitius</strong></span> 
     </span>
     <span class='ocr_line' id='line_1_3' title="bbox 185 1335 842 1438; baseline 0.003 -22"><span class='ocrx_word' id='word_1_9' title='bbox 185 1338 354 1437; x_wconf 69' lang='lat' dir='ltr'><strong>spirant</strong></span> <span class='ocrx_word' id='word_1_10' title='bbox 383 1335 587 1438; x_wconf 78' lang='lat' dir='ltr'><strong>Spintum</strong></span> <span class='ocrx_word' id='word_1_11' title='bbox 619 1335 842 1419; x_wconf 79' lang='lat' dir='ltr'><strong>Sanctum.</strong></span> 
     </span>
    </p>
   </div>
   <div class='ocr_carea' id='block_1_3' title="bbox 227 1514 1122 1600">
    <p class='ocr_par' dir='ltr' id='par_1_3' title="bbox 227 1514 1122 1600">
     <span class='ocr_line' id='line_1_4' title="bbox 227 1514 1122 1600; baseline 0 -21"><span class='ocrx_word' id='word_1_12' title='bbox 227 1514 322 1579; x_wconf 86' lang='lat' dir='ltr'><strong>Circa</strong></span> <span class='ocrx_word' id='word_1_13' title='bbox 347 1516 444 1579; x_wconf 85' lang='lat' dir='ltr'><strong>istam</strong></span> <span class='ocrx_word' id='word_1_14' title='bbox 469 1516 723 1579; x_wconf 78' lang='lat' dir='ltr'><strong>Distinctionem</strong></span> <span class='ocrx_word' id='word_1_15' title='bbox 747 1535 799 1579; x_wconf 83' lang='lat'><strong>12.</strong></span> <span class='ocrx_word' id='word_1_16' title='bbox 824 1518 987 1599; x_wconf 68' lang='lat' dir='ltr'><strong>quaritur</strong></span> <span class='ocrx_word' id='word_1_17' title='bbox 1002 1519 1122 1600; x_wconf 79' lang='lat' dir='ltr'><strong>primo,</strong></span> 
     </span>
    </p>
   </div>
   <div class='ocr_carea' id='block_1_4' title="bbox 548 1675 772 1758">
    <p class='ocr_par' dir='ltr' id='par_1_4' title="bbox 548 1675 772 1758">
     <span class='ocr_line' id='line_1_5' title="bbox 548 1675 772 1758; baseline 0 -19"><span class='ocrx_word' id='word_1_18' title='bbox 548 1675 724 1758; x_wconf 71' lang='lat' dir='ltr'><strong>Quasno</strong></span> <span class='ocrx_word' id='word_1_19' title='bbox 748 1678 772 1739; x_wconf 94' lang='grc' dir='ltr'><strong>Ι.</strong></span> 
     </span>
    </p>
   </div>
   <div class='ocr_carea' id='block_1_5' title="bbox 187 1834 1156 1995">
    <p class='ocr_par' dir='ltr' id='par_1_5' title="bbox 187 1834 1156 1995">
     <span class='ocr_line' id='line_1_6' title="bbox 242 1834 1156 1904; baseline 0.002 -15"><span class='ocrx_word' id='word_1_20' title='bbox 242 1834 349 1890; x_wconf 83' lang='lat' dir='ltr'>Utrum</span> <span class='ocrx_word' id='word_1_21' title='bbox 368 1835 458 1889; x_wconf 80' lang='lat' dir='ltr'><strong>Pater</strong></span> <span class='ocrx_word' id='word_1_22' title='bbox 472 1836 504 1889; x_wconf 76' lang='lat' dir='ltr'><strong>at</strong></span> <span class='ocrx_word' id='word_1_23' title='bbox 524 1834 613 1889; x_wconf 75' lang='lat' dir='ltr'><strong>Filius</strong></span> <span class='ocrx_word' id='word_1_24' title='bbox 637 1836 750 1904; x_wconf 66' lang='lat' dir='ltr'><strong>spirant</strong></span> <span class='ocrx_word' id='word_1_25' title='bbox 774 1834 913 1904; x_wconf 73' lang='lat' dir='ltr'><strong>Spiritum</strong></span> <span class='ocrx_word' id='word_1_26' title='bbox 948 1836 1086 1891; x_wconf 73' lang='lat' dir='ltr'><strong>Sanctum</strong></span> <span class='ocrx_word' id='word_1_27' title='bbox 1113 1836 1156 1891; x_wconf 85' lang='lat' dir='ltr'><strong>tn·</strong></span> 
     </span>
     <span class='ocr_line' id='line_1_7' title="bbox 187 1923 1036 1995; baseline 0.002 -18"><span class='ocrx_word' id='word_1_28' title='bbox 187 1924 332 1991; x_wconf 76' lang='lat' dir='ltr'><strong>quantum</strong></span> <span class='ocrx_word' id='word_1_29' title='bbox 349 1926 417 1978; x_wconf 85' lang='lat' dir='ltr'><strong>sunt</strong></span> <span class='ocrx_word' id='word_1_30' title='bbox 435 1938 537 1995; x_wconf 87' lang='lat' dir='ltr'><strong>unum,</strong></span> <span class='ocrx_word' id='word_1_31' title='bbox 555 1924 599 1979; x_wconf 79' lang='lat' dir='ltr'><strong>val</strong></span> <span class='ocrx_word' id='word_1_32' title='bbox 618 1923 791 1992; x_wconf 79' lang='lat' dir='ltr'><strong>lnquantum</strong></span> <span class='ocrx_word' id='word_1_33' title='bbox 809 1926 879 1979; x_wconf 85' lang='lat' dir='ltr'><strong>sunt</strong></span> <span class='ocrx_word' id='word_1_34' title='bbox 896 1925 1036 1990; x_wconf 77' lang='lat' dir='ltr'><strong>dlsttnutt,</strong></span> 
     </span>
    </p>
   </div>
   <div class='ocr_carea' id='block_1_6' title="bbox 190 2068 1159 3645">
    <p class='ocr_par' dir='ltr' id='par_1_6' title="bbox 190 2068 1158 2577">
     <span class='ocr_line' id='line_1_8' title="bbox 259 2068 1156 2153; baseline 0.004 -23"><span class='ocrx_word' id='word_1_35' title='bbox 259 2068 305 2130; x_wconf 93' lang='lat' dir='ltr'><strong>Et</strong></span> <span class='ocrx_word' id='word_1_36' title='bbox 319 2068 447 2131; x_wconf 90' lang='lat' dir='ltr'><strong>videtur</strong></span> <span class='ocrx_word' id='word_1_37' title='bbox 463 2069 555 2151; x_wconf 89' lang='lat' dir='ltr'><strong>quod</strong></span> <span class='ocrx_word' id='word_1_38' title='bbox 574 2069 772 2151; x_wconf 89' lang='lat' dir='ltr'><strong>inquantum</strong></span> <span class='ocrx_word' id='word_1_39' title='bbox 788 2080 866 2132; x_wconf 90' lang='lat' dir='ltr'><strong>sunt</strong></span> <span class='ocrx_word' id='word_1_40' title='bbox 891 2070 1050 2146; x_wconf 83' lang='lat' dir='ltr'><strong>distincti,</strong></span> <span class='ocrx_word' id='word_1_41' title='bbox 1078 2072 1156 2153; x_wconf 90' lang='lat' dir='ltr'><strong>quia</strong></span> 
     </span>
     <span class='ocr_line' id='line_1_9' title="bbox 190 2174 1156 2259; baseline 0.003 -22"><span class='ocrx_word' id='word_1_42' title='bbox 190 2174 276 2237; x_wconf 87' lang='lat' dir='ltr'><strong>actio</strong></span> <span class='ocrx_word' id='word_1_43' title='bbox 300 2184 349 2237; x_wconf 88' lang='lat' dir='ltr'><strong>est</strong></span> <span class='ocrx_word' id='word_1_44' title='bbox 371 2174 550 2257; x_wconf 89' lang='lat' dir='ltr'><strong>suppositi;</strong></span> <span class='ocrx_word' id='word_1_45' title='bbox 573 2195 653 2258; x_wconf 87' lang='lat' dir='ltr'>ergo</span> <span class='ocrx_word' id='word_1_46' title='bbox 678 2176 821 2257; x_wconf 84' lang='lat' dir='ltr'><strong>plurium</strong></span> <span class='ocrx_word' id='word_1_47' title='bbox 838 2178 1084 2259; x_wconf 88' lang='lat' dir='ltr'><strong>suppositorum</strong></span> <span class='ocrx_word' id='word_1_48' title='bbox 1108 2188 1156 2240; x_wconf 88' lang='lat' dir='ltr'><strong>est</strong></span> 
     </span>
     <span class='ocr_line' id='line_1_10' title="bbox 193 2280 1157 2366; baseline 0.002 -22"><span class='ocrx_word' id='word_1_49' title='bbox 193 2302 258 2344; x_wconf 86' lang='lat' dir='ltr'><strong>una</strong></span> <span class='ocrx_word' id='word_1_50' title='bbox 280 2281 376 2344; x_wconf 73' lang='lat' dir='ltr'><strong>actim</strong></span> <span class='ocrx_word' id='word_1_51' title='bbox 402 2280 467 2346; x_wconf 86' lang='lat' dir='ltr'><strong>Sed</strong></span> <span class='ocrx_word' id='word_1_52' title='bbox 491 2283 586 2344; x_wconf 89' lang='lat' dir='ltr'><strong>Pater</strong></span> <span class='ocrx_word' id='word_1_53' title='bbox 609 2291 642 2344; x_wconf 89' lang='lat' dir='ltr'><strong>et</strong></span> <span class='ocrx_word' id='word_1_54' title='bbox 667 2284 769 2345; x_wconf 79' lang='lat' dir='ltr'><strong>Filius</strong></span> <span class='ocrx_word' id='word_1_55' title='bbox 799 2293 875 2346; x_wconf 89' lang='lat' dir='ltr'><strong>sunt</strong></span> <span class='ocrx_word' id='word_1_56' title='bbox 905 2284 1057 2348; x_wconf 82' lang='lat' dir='ltr'><strong>distincta</strong></span> <span class='ocrx_word' id='word_1_57' title='bbox 1080 2305 1157 2366; x_wconf 91' lang='lat' dir='ltr'><strong>sup-</strong></span> 
     </span>
     <span class='ocr_line' id='line_1_11' title="bbox 192 2387 1158 2473; baseline 0.003 -24"><span class='ocrx_word' id='word_1_58' title='bbox 192 2387 316 2471; x_wconf 88' lang='lat' dir='ltr'><strong>posita;</strong></span> <span class='ocrx_word' id='word_1_59' title='bbox 340 2407 419 2471; x_wconf 84' lang='lat' dir='ltr'>ergo</span> <span class='ocrx_word' id='word_1_60' title='bbox 444 2408 508 2451; x_wconf 89' lang='lat' dir='ltr'><strong>non</strong></span> <span class='ocrx_word' id='word_1_61' title='bbox 533 2389 656 2470; x_wconf 86' lang='lat' dir='ltr'>spirant</span> <span class='ocrx_word' id='word_1_62' title='bbox 680 2410 746 2452; x_wconf 90' lang='lat' dir='ltr'><strong>una</strong></span> <span class='ocrx_word' id='word_1_63' title='bbox 769 2390 955 2471; x_wconf 81' lang='lat' dir='ltr'>spiratione,</span> <span class='ocrx_word' id='word_1_64' title='bbox 972 2400 1005 2452; x_wconf 88' lang='lat' dir='ltr'><strong>et</strong></span> <span class='ocrx_word' id='word_1_65' title='bbox 1027 2390 1073 2453; x_wconf 90' lang='lat' dir='ltr'><strong>sic</strong></span> <span class='ocrx_word' id='word_1_66' title='bbox 1095 2392 1158 2473; x_wconf 88' lang='lat' dir='ltr'><strong>spi-</strong></span> 
     </span>
     <span class='ocr_line' id='line_1_12' title="bbox 193 2492 1038 2577; baseline 0.002 -21"><span class='ocrx_word' id='word_1_67' title='bbox 193 2504 266 2557; x_wconf 87' lang='lat' dir='ltr'>rant</span> <span class='ocrx_word' id='word_1_68' title='bbox 289 2494 447 2577; x_wconf 85' lang='lat' dir='ltr'><strong>Spiritum</strong></span> <span class='ocrx_word' id='word_1_69' title='bbox 472 2492 630 2559; x_wconf 89' lang='lat' dir='ltr'><strong>Sanctum</strong></span> <span class='ocrx_word' id='word_1_70' title='bbox 656 2496 853 2577; x_wconf 87' lang='lat' dir='ltr'><strong>inquantum</strong></span> <span class='ocrx_word' id='word_1_71' title='bbox 876 2496 1038 2559; x_wconf 88' lang='lat' dir='ltr'><strong>distincta.</strong></span> 
     </span>
    </p>

    <p class='ocr_par' dir='ltr' id='par_1_7' title="bbox 195 2598 1158 3112">
     <span class='ocr_line' id='line_1_13' title="bbox 264 2598 1157 2685; baseline 0.001 -20"><span class='ocrx_word' id='word_1_72' title='bbox 264 2598 395 2665; x_wconf 81' lang='lat' dir='ltr'><strong>Contra.</strong></span> <span class='ocrx_word' id='word_1_73' title='bbox 409 2601 620 2684; x_wconf 85' lang='lat' dir='ltr'><strong>Augustinus</strong></span> <span class='ocrx_word' id='word_1_74' title='bbox 644 2620 696 2685; x_wconf 75' lang='lat'><strong>15.</strong></span> <span class='ocrx_word' id='word_1_75' title='bbox 721 2603 760 2665; x_wconf 84' lang='lat' dir='ltr'><strong>de</strong></span> <span class='ocrx_word' id='word_1_76' title='bbox 781 2600 871 2664; x_wconf 83' lang='lat' dir='ltr'><strong>Trin.</strong></span> <span class='ocrx_word' id='word_1_77' title='bbox 888 2603 984 2666; x_wconf 91' lang='lat' dir='ltr'><strong>dicit:</strong></span> <span class='ocrx_word' id='word_1_78' title='bbox 1013 2604 1108 2665; x_wconf 86' lang='lat' dir='ltr'><strong>Pater</strong></span> <span class='ocrx_word' id='word_1_79' title='bbox 1124 2613 1157 2666; x_wconf 90' lang='lat' dir='ltr'><strong>et</strong></span> 
     </span>
     <span class='ocr_line' id='line_1_14' title="bbox 196 2707 1156 2791; baseline 0.004 -23"><span class='ocrx_word' id='word_1_80' title='bbox 196 2707 297 2771; x_wconf 89' lang='lat' dir='ltr'><strong>Filius</strong></span> <span class='ocrx_word' id='word_1_81' title='bbox 320 2717 396 2770; x_wconf 90' lang='lat' dir='ltr'><strong>sunt</strong></span> <span class='ocrx_word' id='word_1_82' title='bbox 420 2728 523 2770; x_wconf 90' lang='lat' dir='ltr'><strong>unum</strong></span> <span class='ocrx_word' id='word_1_83' title='bbox 548 2708 744 2791; x_wconf 87' lang='lat' dir='ltr'><strong>principium</strong></span> <span class='ocrx_word' id='word_1_84' title='bbox 770 2708 910 2791; x_wconf 87' lang='lat' dir='ltr'><strong>Spiritus</strong></span> <span class='ocrx_word' id='word_1_85' title='bbox 927 2708 1048 2782; x_wconf 85' lang='lat' dir='ltr'><strong>Sancti,</strong></span> <span class='ocrx_word' id='word_1_86' title='bbox 1073 2710 1156 2773; x_wconf 88' lang='lat' dir='ltr'><strong>sicut</strong></span> 
     </span>
     <span class='ocr_line' id='line_1_15' title="bbox 195 2813 1158 2898; baseline 0.002 -21"><span class='ocrx_word' id='word_1_87' title='bbox 195 2814 289 2877; x_wconf 86' lang='lat' dir='ltr'><strong>Pater</strong></span> <span class='ocrx_word' id='word_1_88' title='bbox 312 2823 345 2877; x_wconf 89' lang='lat' dir='ltr'><strong>et</strong></span> <span class='ocrx_word' id='word_1_89' title='bbox 369 2813 471 2877; x_wconf 87' lang='lat' dir='ltr'><strong>Filius</strong></span> <span class='ocrx_word' id='word_1_90' title='bbox 493 2824 526 2877; x_wconf 87' lang='lat' dir='ltr'><strong>et</strong></span> <span class='ocrx_word' id='word_1_91' title='bbox 551 2814 691 2897; x_wconf 83' lang='lat' dir='ltr'><strong>Spiritus</strong></span> <span class='ocrx_word' id='word_1_92' title='bbox 707 2814 847 2879; x_wconf 91' lang='lat' dir='ltr'><strong>Sanctus</strong></span> <span class='ocrx_word' id='word_1_93' title='bbox 863 2824 940 2878; x_wconf 92' lang='lat' dir='ltr'><strong>sunt</strong></span> <span class='ocrx_word' id='word_1_94' title='bbox 956 2836 1059 2878; x_wconf 87' lang='lat' dir='ltr'><strong>unum</strong></span> <span class='ocrx_word' id='word_1_95' title='bbox 1072 2817 1158 2898; x_wconf 90' lang='lat' dir='ltr'><strong>prin·</strong></span> 
     </span>
     <span class='ocr_line' id='line_1_16' title="bbox 195 2920 1158 3004; baseline 0.003 -22"><span class='ocrx_word' id='word_1_96' title='bbox 195 2920 317 3003; x_wconf 91' lang='lat' dir='ltr'><strong>cipium</strong></span> <span class='ocrx_word' id='word_1_97' title='bbox 342 2931 517 2998; x_wconf 85' lang='lat' dir='ltr'><strong>creaturae;</strong></span> <span class='ocrx_word' id='word_1_98' title='bbox 541 2922 598 2984; x_wconf 86' lang='lat' dir='ltr'><strong>sed</strong></span> <span class='ocrx_word' id='word_1_99' title='bbox 621 2931 780 2985; x_wconf 78' lang='lat' dir='ltr'><strong>creaturae</strong></span> <span class='ocrx_word' id='word_1_100' title='bbox 797 2923 1024 3004; x_wconf 85' lang='lat' dir='ltr'><strong>producuntur</strong></span> <span class='ocrx_word' id='word_1_101' title='bbox 1046 2923 1089 2985; x_wconf 88' lang='lat' dir='ltr'><strong>ab</strong></span> <span class='ocrx_word' id='word_1_102' title='bbox 1112 2924 1158 2986; x_wconf 86' lang='lat' dir='ltr'><strong>eis</strong></span> 
     </span>
     <span class='ocr_line' id='line_1_17' title="bbox 197 3028 651 3112; baseline 0.007 -24"><span class='ocrx_word' id='word_1_103' title='bbox 197 3028 393 3110; x_wconf 90' lang='lat' dir='ltr'><strong>inquantum</strong></span> <span class='ocrx_word' id='word_1_104' title='bbox 418 3034 537 3105; x_wconf 89' lang='lat' dir='ltr'><strong>unum;</strong></span> <span class='ocrx_word' id='word_1_105' title='bbox 562 3050 651 3112; x_wconf 87' lang='lat' dir='ltr'>erg0.</span> 
     </span>
    </p>

    <p class='ocr_par' dir='ltr' id='par_1_8' title="bbox 195 3133 1159 3645">
     <span class='ocr_line' id='line_1_18' title="bbox 265 3133 1157 3216; baseline 0 -18"><span class='ocrx_word' id='word_1_106' title='bbox 265 3133 379 3198; x_wconf 75' lang='lat' dir='ltr'><strong>Cuncn</strong></span> <span class='ocrx_word' id='word_1_107' title='bbox 403 3147 515 3197; x_wconf 75' lang='lat' dir='ltr'><strong>mmm</strong></span> <span class='ocrx_word' id='word_1_108' title='bbox 540 3133 799 3216; x_wconf 69' lang='lat' dir='ltr'><strong>Quasnonnm</strong></span> <span class='ocrx_word' id='word_1_109' title='bbox 822 3144 898 3198; x_wconf 84' lang='lat' dir='ltr'><strong>sunt</strong></span> <span class='ocrx_word' id='word_1_110' title='bbox 922 3135 983 3198; x_wconf 82' lang='lat' dir='ltr'><strong>tria</strong></span> <span class='ocrx_word' id='word_1_111' title='bbox 1006 3136 1157 3199; x_wconf 85' lang='lat' dir='ltr'><strong>videnda.</strong></span> 
     </span>
     <span class='ocr_line' id='line_1_19' title="bbox 195 3240 1157 3325; baseline 0.001 -23"><span class='ocrx_word' id='word_1_112' title='bbox 195 3240 320 3315; x_wconf 74' lang='lat' dir='ltr'><strong>Prima,</strong></span> <span class='ocrx_word' id='word_1_113' title='bbox 354 3240 381 3304; x_wconf 91' lang='lat' dir='ltr'><strong>si</strong></span> <span class='ocrx_word' id='word_1_114' title='bbox 415 3242 510 3304; x_wconf 86' lang='lat' dir='ltr'><strong>Pater</strong></span> <span class='ocrx_word' id='word_1_115' title='bbox 534 3252 566 3303; x_wconf 90' lang='lat' dir='ltr'><strong>et</strong></span> <span class='ocrx_word' id='word_1_116' title='bbox 598 3241 700 3305; x_wconf 89' lang='lat' dir='ltr'><strong>Filius</strong></span> <span class='ocrx_word' id='word_1_117' title='bbox 726 3242 791 3305; x_wconf 89' lang='lat' dir='ltr'><strong>sint</strong></span> <span class='ocrx_word' id='word_1_118' title='bbox 825 3262 928 3305; x_wconf 89' lang='lat' dir='ltr'><strong>unum</strong></span> <span class='ocrx_word' id='word_1_119' title='bbox 961 3241 1157 3325; x_wconf 83' lang='lat' dir='ltr'><strong>principium</strong></span> 
     </span>
     <span class='ocr_line' id='line_1_20' title="bbox 199 3345 1159 3431; baseline -0.002 -20"><span class='ocrx_word' id='word_1_120' title='bbox 199 3345 338 3429; x_wconf 89' lang='lat' dir='ltr'><strong>Spiritus</strong></span> <span class='ocrx_word' id='word_1_121' title='bbox 362 3347 481 3412; x_wconf 91' lang='lat' dir='ltr'><strong>Sancti.</strong></span> <span class='ocrx_word' id='word_1_122' title='bbox 509 3347 665 3421; x_wconf 81' lang='lat' dir='ltr'><strong>Secundo,</strong></span> <span class='ocrx_word' id='word_1_123' title='bbox 693 3348 719 3410; x_wconf 90' lang='lat' dir='ltr'><strong>si</strong></span> <span class='ocrx_word' id='word_1_124' title='bbox 751 3349 946 3430; x_wconf 86' lang='lat' dir='ltr'><strong>principiant</strong></span> <span class='ocrx_word' id='word_1_125' title='bbox 978 3348 1086 3431; x_wconf 88' lang='lat' dir='ltr'><strong>ipsum</strong></span> <span class='ocrx_word' id='word_1_126' title='bbox 1111 3348 1159 3410; x_wconf 91' lang='lat' dir='ltr'><strong>in-</strong></span> 
     </span>
     <span class='ocr_line' id='line_1_21' title="bbox 197 3455 1159 3537; baseline 0.002 -21"><span class='ocrx_word' id='word_1_127' title='bbox 197 3463 360 3536; x_wconf 90' lang='lat' dir='ltr'><strong>quantum</strong></span> <span class='ocrx_word' id='word_1_128' title='bbox 384 3464 460 3517; x_wconf 91' lang='lat' dir='ltr'><strong>sunt</strong></span> <span class='ocrx_word' id='word_1_129' title='bbox 484 3474 588 3518; x_wconf 90' lang='lat' dir='ltr'><strong>unum</strong></span> <span class='ocrx_word' id='word_1_130' title='bbox 612 3455 662 3518; x_wconf 88' lang='lat' dir='ltr'><strong>vel</strong></span> <span class='ocrx_word' id='word_1_131' title='bbox 687 3455 883 3537; x_wconf 85' lang='lat' dir='ltr'><strong>inquantum</strong></span> <span class='ocrx_word' id='word_1_132' title='bbox 907 3455 1060 3519; x_wconf 84' lang='lat' dir='ltr'><strong>distincti.</strong></span> <span class='ocrx_word' id='word_1_133' title='bbox 1084 3456 1159 3518; x_wconf 81' lang='lat' dir='ltr'><em>Ter·</em></span> 
     </span>
     <span class='ocr_line' id='line_1_22' title="bbox 195 3560 894 3645; baseline 0.001 -23"><span class='ocrx_word' id='word_1_134' title='bbox 195 3560 252 3633; x_wconf 84' lang='lat' dir='ltr'><strong>tio,</strong></span> <span class='ocrx_word' id='word_1_135' title='bbox 280 3561 306 3623; x_wconf 91' lang='lat' dir='ltr'><strong>si</strong></span> <span class='ocrx_word' id='word_1_136' title='bbox 330 3561 526 3644; x_wconf 87' lang='lat' dir='ltr'><strong>principiaut</strong></span> <span class='ocrx_word' id='word_1_137' title='bbox 548 3562 657 3645; x_wconf 90' lang='lat' dir='ltr'><strong>ipsum</strong></span> <span class='ocrx_word' id='word_1_138' title='bbox 681 3560 894 3624; x_wconf 85' lang='lat' dir='ltr'><strong>uniformiter.</strong></span> 
     </span>
    </p>
   </div>
   <div class='ocr_carea' id='block_1_7' title="bbox 0 0 1355 4209">
    <p class='ocr_par' dir='ltr' id='par_1_9' title="bbox 0 0 1355 4209">
     <span class='ocr_line' id='line_1_23' title="bbox 0 0 1355 4209; baseline 0 0"><span class='ocrx_word' id='word_1_139' title='bbox 0 0 1355 4209; x_wconf 95' lang='lat' dir='ltr'><strong> </strong></span> 
     </span>
    </p>
   </div>
  </div>
 </body>
</html>
