2684 4209
373 253 563 318 Disrntcr.
588 253 634 316 ΙΙΙ
658 253 805 334 Ωυττετ.
831 257 844 318 Ι
1046 260 1084 322 81

144 467 200 522 cut
224 458 320 541 ponit
343 458 515 522 Avicenna
533 475 568 542 5.
593 459 740 542 Metaph.
765 459 801 521 in
809 460 883 544 fine
897 483 922 523 c.
932 461 963 526 6.
980 462 1037 526 Ad
1048 463 1112 526 for·

147 585 235 628 mam
261 566 361 648 igitur
380 547 567 648 'argumenti
591 586 667 628 cum
691 566 808 628 dicitur
830 569 920 648 quod
944 569 1021 632 nihil
1038 590 1114 634 con-

146 672 285 734 trahitur
318 692 374 754 per
405 672 482 734 illud
513 673 603 754 quod
635 693 701 736 non
732 683 790 748 est,
820 675 1023 754 conceditur:
1054 677 1112 739 sed

146 800 223 842 cum
248 779 382 841 ulterius
405 779 521 842 dicitur
544 780 634 860 quod
658 780 741 843 entis
764 801 830 844 uon
853 791 929 845 sunt
959 784 1113 864 differen-

147 887 213 959 tice,
242 886 318 964 dico
341 886 430 966 quod
453 906 511 948 ens
534 907 599 949 non
624 885 724 950 habet
746 887 950 968 differentias
973 910 1048 972 quae
1065 889 1113 960 in-

148 993 287 1055 cludunt
310 991 417 1073 ipsum
440 992 684 1074 quidditatioe,·
708 995 824 1057 dicitur
855 1003 965 1058 tamen
997 996 1038 1059 de
1068 996 1113 1058 eis

147 1099 399 1162 denominative.

220 1204 341 1269 Contra
357 1204 415 1270 laec
424 1216 486 1288 per
513 1207 631 1270 Guliel.
656 1207 810 1290 objicitur
819 1208 877 1270 sic:
896 1207 1114 1290 Unumquod-

146 1332 211 1395 que
235 1333 293 1394 per
316 1333 409 1375 suam
434 1314 591 1376 rationem
623 1313 792 1377 formalem
817 1335 883 1396 qua
905 1314 1113 1396 distinguitur

146 1441 166 1482 a
201 1437 268 1481 non
295 1428 379 1494 ente,
408 1421 542 1482 includit
565 1441 622 1483 ens
646 1442 712 1484 non
735 1422 801 1484 enti
825 1421 1028 1503 oppositum
1053 1421 1111 1484 sed

145 1526 337 1588 differentias
368 1527 492 1590 ultimae
528 1539 595 1609 per·
619 1549 712 1590 suam
748 1529 906 1590 rationem
942 1526 1112 1589 formalem

146 1633 393 1716 distinguuntur
416 1655 435 1696 a
458 1655 523 1696 nou
547 1643 638 1708 ente;
663 1655 743 1716 ergo
766 1634 937 1709 includunt
965 1654 1023 1696 ens
1046 1653 1112 1696 non

145 1740 213 1802 enti
237 1741 436 1822 oppositum,
454 1741 546 1803 etsie
562 1751 637 1804 sunt
653 1741 866 1823 quidditative
882 1762 948 1803 ens.
964 1777 1009 1787 -
1024 1740 1113 1803 Prte-

147 1857 244 1920 terea,
262 1847 386 1910 ultimae
403 1847 590 1910 differentiae
603 1857 659 1910 aut
671 1849 797 1911 addunt
812 1847 999 1928 aliquidaut
1015 1846 1111 1922 nihil;

147 1973 213 2016 non
242 1952 338 2028 nihil;
366 1974 445 2036 ergo
461 1954 592 2037 aliquid,
616 1963 648 2016 et
672 1955 713 2016 de
737 1954 790 2017 illo
813 1953 925 2017 addito
956 1953 1112 2035 quaeritur

146 2061 224 2142 quia
247 2071 305 2123 aut
320 2069 368 2123 est
390 2081 447 2122 ens
471 2082 528 2142 per
550 2041 600 2152 sve,¹
611 2069 643 2123 et
659 2060 797 2123 habetur
813 2061 1034 2142 propositum;
1056 2070 1112 2122 aut

147 2188 204 2250 per
236 2168 357 2248 aliquid
389 2169 485 2240 aliud,
510 2169 610 2230 etsie
634 2177 832 2248 quaereretur
855 2167 887 2230 in
911 2166 1084 2229 infinitum.

215 2276 292 2338 lstee
316 2275 456 2337 rationes
480 2275 644 2337 modicum
669 2275 787 2347 valent,
811 2284 843 2336 et
867 2274 956 2355 quod
973 2274 1112 2354 probent

147 2381 265 2445 salsum
291 2391 379 2463 patet
402 2402 459 2462 per
482 2381 689 2444 Avicennam
714 2381 770 2444 ribi
790 2390 900 2461 supra,
917 2380 972 2442 ubi
996 2379 1041 2441 sic
1056 2379 1111 2441 ait:

148 2487 290 2572 Oportet
313 2488 392 2550 scire
415 2487 504 2570 quod
536 2487 723 2550 differentiae
753 2486 908 2567 subjectae
940 2507 1005 2548 non
1037 2493 1112 2547 sunt

146 2597 304 2678 subjectae
329 2595 452 2676 primo;
476 2595 532 2657 sed
556 2594 817 2656 concomitantur
833 2615 886 2656 eas
902 2614 970 2655 esse
985 2593 1111 2672 subjec-

147 2715 206 2776 tas
232 2703 308 2785 quia
333 2723 397 2765 non
422 2701 639 2783 praedicantur
663 2701 705 2762 de
728 2721 766 2762 ea
790 2700 926 2780 univoce
942 2700 998 2761 sed
1014 2699 1111 2761 deno

149 2811 313 2873 minative.
340 2809 384 2871 Et
407 2810 598 2890 exemplum
623 2828 719 2870 suum
743 2818 792 2869 est
815 2806 858 2867 ibi
889 2807 930 2868 de
953 2806 1109 2868 rationali.
1224 2823 1230 2832 ·

147 2917 359 2980 -Primnm
382 2917 481 2978 etiam
504 2925 735 2997 argumentum
760 2933 825 2975 non
850 2912 948 2974 habet
971 2911 1111 2973 formam

147 3025 282 3096 bonam,
307 3023 397 3104 quod
421 3031 511 3103 patet
535 3022 595 3084 sic:
622 3020 894 3101 Unumquodque
918 3019 1036 3080 animal
1054 3038 1111 3099 per

146 3131 286 3194 eandem
311 3130 468 3191 rationem
496 3128 664 3190 formalem
690 3148 756 3208 qua
779 3126 1021 3207 distinguitura
1045 3145 1112 3186 non

146 3237 279 3300 animali
304 3237 439 3299 includit
462 3236 695 3298 animalitatem
720 3255 784 3295 uon
802 3232 989 3295 animalitati
1007 3253 1112 3313 oppo-

147 3345 262 3419 sitam;
288 3345 343 3406 sed
368 3343 535 3426 quodlibet
559 3343 677 3404 animal
703 3362 759 3422 per
783 3341 940 3402 rationem
965 3338 1111 3399 animali-

147 3453 223 3513 tatis
247 3450 455 3532 distinguitur
478 3472 498 3512 a
522 3471 587 3512 non
611 3449 759 3522 animali;
783 3469 862 3528 ergo
886 3444 1054 3526 quodlibet
1077 3466 1111 3506 a·

148 3560 248 3622 nimal
275 3579 330 3640 per
355 3559 513 3620 rationem
538 3556 744 3618 animalitatis
767 3553 902 3615 includit
932 3551 1111 3614 animalita-

148 3676 215 3728 tem
241 3686 306 3728 non
330 3665 519 3728 animalitati
543 3664 739 3745 oppositam,
763 3670 795 3723 et
819 3661 862 3722 sic
886 3660 1030 3740 sequitur
1055 3678 1110 3718 nu·

1018 3761 1032 3802 u
