2684 4209
240 201 304 263 282
505 201 581 265 Lm.
604 202 618 263 Ι
644 201 938 266 Sauran‘nnnun

215 409 305 481 tiam,
330 408 407 490 quia
430 408 500 488 ejus
529 408 636 490 passio
659 417 743 470 esset
775 408 863 482 nihil,
895 409 972 490 quia
1004 407 1112 489 passio
1137 417 1193 470 est

215 522 309 577 extra
326 514 483 577 rationem
499 514 646 594 subjecti,
670 525 704 577 et
719 516 809 597 quod
833 525 881 577 est
902 524 996 577 extra
1020 515 1189 576 rationem

215 621 307 694 entiS,
332 621 408 683 nihil
433 631 491 683 est.
508 657 552 670 -
577 619 697 685 Contra
720 622 799 684 illud
823 621 975 702 objicitur
997 621 1074 702 quia
1099 621 1193 684 clare

217 737 266 791 est
288 738 402 789 contra
424 727 661 810 Philosophum
685 747 717 812 4.
741 727 889 809 Metaplr.
915 728 970 790 ubi
997 728 1068 790 vult
1092 728 1192 809 quod

217 835 300 897 sicut
324 834 407 896 linea
430 834 624 916 inquantum
649 836 733 898 linea
757 836 854 898 habet
879 835 1053 916 passiones
1078 843 1111 896 et
1127 855 1192 898 nu-

220 962 327 1004 merus
350 942 545 1023 inquantum
569 963 733 1016 numerus,
758 943 802 1004 ita
818 952 893 1004 sunt
917 942 1034 1024 aliquae
1059 943 1187 1023 passio-

218 1069 275 1110 nes
290 1048 372 1110 entis
388 1048 583 1129 inquantum
599 1069 665 1111 ens.
682 1085 727 1096 —
743 1049 917 1120 Praeterea,
938 1048 1070 1111 scientia
1093 1048 1193 1110 realis

219 1155 401 1217 considerat
435 1156 600 1237 passiones
634 1156 717 1218 entis
748 1157 944 1236 inquantum
976 1155 1078 1216 reales
1108 1165 1190 1216 sunt

220 1262 304 1323 circa
338 1263 506 1343 proprium
541 1262 744 1343 subjectum;
780 1263 836 1325 sed
873 1261 1099 1344 metaphysica
1136 1271 1193 1324 est

220 1357 352 1431 scientia
375 1369 466 1431 realis
489 1368 582 1449 cujus
606 1369 791 1450 subjectum
816 1379 864 1432 est
887 1390 945 1431 ens
968 1391 1010 1431 ex
1033 1387 1065 1452 4.
1098 1379 1129 1430 ct
1153 1387 1185 1452 7.

221 1473 395 1556 Metaplt.;
425 1495 507 1557 ergo
541 1476 624 1538 entis
648 1485 684 1537 ut
715 1476 760 1538 sic
788 1486 863 1538 sunt
894 1477 1060 1558 passiones
1087 1495 1188 1537 verae.

221 1582 291 1644 Nec
314 1582 400 1643 valet
424 1583 513 1663 quod
538 1582 607 1664 ipse
630 1583 764 1645 adducit
780 1583 856 1664 quia
879 1591 957 1644 tunc
981 1582 1088 1664 passio
1105 1581 1191 1644 entis

221 1688 299 1751 nihil
328 1698 420 1762 esset,
452 1689 528 1770 quia
553 1689 587 1770 ly
616 1710 673 1751 ens
704 1709 770 1751 non
801 1689 918 1751 dicitur
948 1689 989 1750 de
1020 1688 1086 1750 suis
1118 1709 1191 1770 pas-

222 1795 368 1857 sionibus
392 1795 513 1876 prr'mo‚
553 1796 669 1858 dicitur
699 1803 810 1858 tamen
846 1795 886 1858 de
917 1795 961 1857 eis
995 1795 1202 1857 denomina-¹

224 1901 301 1964 tive.

298 2009 385 2070 Tum
408 2011 577 2090 respondeo
600 2009 642 2070 ad
666 2018 861 2091 argumenta
885 2030 944 2091 pro
967 2009 1122 2090 opinione
1139 2007 1189 2070 A·

221 2114 377 2177 vicennae.
403 2115 488 2179 Cum
511 2116 628 2178 dicitur
656 2117 785 2196 primo:
817 2116 949 2197 quando
980 2115 1103 2197 aliquid
1134 2116 1189 2177 ab·

226 2221 341 2284 strahit
364 2222 407 2284 ab
430 2222 540 2304 aliquo
563 2232 596 2285 et
619 2224 661 2285 ab
678 2222 748 2303 ejus
771 2223 922 2305 opposito
946 2243 1012 2285 non
1036 2231 1085 2284 est
1101 2223 1189 2285 idem

222 2348 301 2390 cum
318 2328 381 2403 illo,
406 2330 537 2392 concedo
560 2330 649 2411 quod
667 2329 731 2392 hoc
746 2339 794 2392 est
818 2350 931 2392 verum
955 2330 997 2392 de
1020 2328 1191 2392 identitate

222 2435 424 2506 omnimoda,
449 2457 525 2518 quae
549 2446 597 2499 est
620 2437 756 2499 omnino
779 2437 953 2518 adaequata
969 2456 1003 2498 re
1023 2446 1055 2498 et
1077 2437 1189 2509 mod0,

222 2541 279 2603 sed
303 2562 369 2603 non
391 2549 440 2605 est
463 2542 649 2625 simpliciter
665 2565 750 2618 vera,
775 2543 851 2625 quia
874 2542 1011 2606 essentia
1027 2541 1187 2604 abstrahit

222 2648 265 2710 ab
288 2668 356 2710 esse
371 2658 404 2710 et
420 2669 486 2711 non
502 2670 580 2722 esse,
603 2659 635 2712 et
659 2659 769 2713 tamen
790 2650 877 2712 idem
901 2659 950 2712 est
970 2649 1097 2712 realiter
1112 2669 1188 2712 cum

222 2775 300 2827 esse,
325 2755 398 2817 licet
422 2776 488 2817 non
512 2755 699 2819 formaliter.

289 2861 348 2923 Ad
359 2863 534 2924 secundum
549 2863 667 2925 dicitur
684 2884 750 2926 uno
772 2864 872 2925 modo
895 2863 986 2945 quod
1011 2861 1191 2924 multitudo

222 2968 359 3030 includit
382 2969 551 3043 unitatem,
580 2970 681 3032 etsie
711 2969 809 3032 etiam
842 2969 977 3032 includit
1007 2968 1188 3030 entitatem.

223 3075 333 3136 Aliter
348 3075 464 3137 dicitur
487 3076 542 3151 sic,
559 3077 649 3158 quod
665 3077 748 3139 sicut
773 3075 949 3138 multitudo
965 3095 1030 3139 non
1055 3084 1104 3137 cst
1125 3094 1191 3136 una

223 3182 269 3244 ita
293 3203 358 3244 non
382 3192 430 3244 est
453 3203 521 3256 ens,
546 3183 603 3245 sed
627 3183 710 3245 sicut
732 3193 780 3246 est
805 3204 870 3246 una
893 3183 938 3245 ita
960 3191 1009 3245 est
1031 3202 1098 3244 ens.
1124 3181 1191 3244 Sed

224 3288 400 3350 multitudo
424 3309 489 3350 non
513 3297 562 3351 est
584 3298 695 3352 tamen
719 3311 784 3352 una
808 3289 931 3352 unitate
961 3288 1110 3370 simplici,
1140 3295 1191 3349 est

222 3404 334 3457 tamen
351 3415 416 3456 una
433 3395 556 3457 unitate
571 3395 831 3478 aggregationis3
849 3417 929 3478 ergo
944 3394 1088 3458 similiter
1107 3394 1189 3456 mul·

223 3501 331 3563 titudo
348 3521 414 3563 non
438 3510 487 3564 est
502 3523 558 3564 ens
574 3502 711 3585 simplici
728 3503 870 3577 entitate,
895 3501 952 3564 sed
978 3521 1034 3564 ens
1054 3501 1191 3564 entitate

224 3616 417 3690 aggregata.
