2684 4209
396 262 580 327 D1sn1ucn.
605 264 686 327 VIII
711 263 855 346 Quam.
873 264 922 327 IV
1055 281 1115 345 173

99 496 106 511 ·
171 478 232 541 sta,
258 478 294 530 ut
317 489 359 529 ex
383 468 563 533 differentia
592 478 813 531 creaturarum
830 470 1035 533 concluditur
1052 471 1141 535 diffe-

172 576 275 638 rentia
287 574 432 637 idearum
457 596 522 638 non
546 584 656 639 autem
680 576 859 639 differentia
882 575 1036 652 formalis,
1061 578 1138 660 quia

173 683 205 745 in
219 682 331 745 ordine
343 682 393 745 vel
411 683 533 745 ratione
545 703 658 745 eorum
672 704 748 765 quae
761 684 1005 765 distinguuntur
1025 706 1068 747 ex
1086 706 1140 747 na-

172 799 246 851 tura
271 788 313 851 rei
337 798 385 851 est
410 788 553 863 minima,
579 790 652 852 ideo
675 800 723 852 est
746 789 964 853 immanifesta
975 811 987 872 ;¹
1007 811 1084 853 narn
1108 813 1141 853 a·

174 896 262 977 liqua
285 895 505 977 distinguiex
530 904 644 959 natura
668 898 712 958 rei
737 905 844 977 potest
875 917 944 959 esse
968 897 1138 979 dupliciter

173 1001 294 1065 scilicet
312 1002 616 1083 fundamentaliter
644 1012 676 1065 et
699 1003 902 1084 formaliter.
928 1004 995 1065 Illae
1027 1013 1137 1066 autem

173 1108 382 1171 auctoritates
405 1109 623 1191 intelligendae
647 1119 723 1172 sunt
754 1110 796 1171 de
826 1110 995 1173 identitate
1025 1110 1139 1173 funda·

175 1215 307 1278 mentali
331 1235 396 1277 non
422 1214 549 1276 formali
572 1214 639 1278 sive
664 1215 795 1277 modali.

241 1322 299 1384 rld
318 1331 472 1403 quartum
488 1322 562 1384 dico
585 1323 675 1405 quod
700 1333 808 1404 potest
823 1323 935 1405 negari
952 1324 1005 1385 illa
1020 1344 1139 1405 propo·

174 1429 247 1491 sitio
270 1428 472 1509 disjunctiva,
497 1429 572 1510 quia
596 1428 752 1491 attributa
775 1431 808 1491 in
833 1430 898 1492 suis
922 1430 1064 1511 praecisis
1088 1451 1138 1492 ra·

174 1534 316 1596 tionibus
340 1545 415 1597 sunt
439 1536 585 1598 ultimate
608 1536 780 1609 abstracta,
806 1537 837 1598 in
861 1536 980 1617 quibus
1012 1557 1078 1599 non
1102 1557 1137 1599 o-

175 1651 283 1724 portet
318 1642 452 1703 alteram
487 1652 613 1723 partem
650 1643 913 1705 contradictionis
949 1643 1136 1717 concedere,

174 1770 232 1830 per
257 1748 463 1811 Avicennam
485 1766 518 1831 5.
552 1749 699 1829 Metaplt.
724 1770 750 1810 c.
775 1768 805 1811 1.
831 1785 875 1793 —
899 1748 1005 1810 Aliter
1030 1758 1137 1830 potest

174 1856 237 1918 dici
261 1854 472 1917 concedendo
496 1856 586 1935 quod
610 1864 687 1917 sunt
711 1876 770 1929 res,
795 1856 852 1917 sed
877 1876 942 1917 non
974 1856 1135 1936 sequitur:

174 1983 255 2044 ergo
278 1971 353 2024 sunt
377 1962 489 2043 plures
512 1962 708 2042 simpliciter,
733 1962 836 2024 immo
859 1972 908 2024 est
923 1962 1072 2045 fallacia
1090 1983 1145 2024 se·-

173 2069 317 2131 cundum
341 2068 425 2149 quid
446 2068 493 2129 ud
513 2068 709 2149 simpliciter
741 2090 879 2150 arguere
913 2090 956 2131 ex
991 2069 1139 2151 pluribus

178 2176 360 2237 modalibus
384 2176 492 2257 plures
516 2196 565 2237 res
588 2175 783 2257 simpliciter.

242 2283 301 2343 Ad
321 2282 471 2363 quintum
489 2303 575 2363 nego
592 2284 748 2344 ntt'norem
766 2283 797 2343 in
814 2283 940 2354 divinis,
958 2292 1027 2344 tum
1045 2304 1141 2365 prop

175 2399 223 2451 ter
248 2388 494 2450 illimitationem
519 2387 722 2451 fundamenti
753 2390 876 2451 ratione
907 2389 1000 2469 cujus
1025 2389 1140 2451 identi-

177 2494 314 2557 ficantur
338 2496 472 2567 realiter,
497 2506 566 2557 tnm
597 2496 675 2577 quia
698 2516 835 2577 persona
866 2504 913 2557 est
945 2494 1074 2557 inferior
1096 2496 1138 2557 ad

176 2602 358 2671 essentiam,
383 2611 415 2663 et
439 2609 549 2663 tamen
575 2623 639 2665 non
664 2602 823 2683 sequitur:
841 2611 918 2664 sunt
942 2602 1049 2683 plures
1073 2622 1150 2683 per-⁴

177 2728 277 2779 sonae,
302 2729 380 2789 ergo
404 2711 512 2789 plures
535 2709 692 2771 essentiae.

245 2815 302 2875 Ad
321 2824 448 2876 suctum
473 2836 559 2897 nego
590 2816 746 2877 tm'norem
778 2826 810 2877 et
841 2816 881 2877 ad
905 2816 1139 2895 probationem,

178 2921 296 2983 scilicet
319 2922 408 3002 quod
432 2922 600 3002 quodlibet
624 2922 816 2984 attributum
840 2932 888 2983 est
912 2942 1041 2983 summe
1063 2922 1137 2983 sirn-

179 3030 265 3110 plex,
290 3028 364 3089 dico
388 3030 477 3109 quod
502 3029 564 3090 hoc
588 3051 652 3093 non
669 3030 815 3091 excludit
839 3030 1077 3110 simplicitatem
1095 3030 1140 3091 di-

178 3135 297 3205 vinam,
324 3144 359 3195 ut
383 3134 506 3215 patebit
529 3135 610 3197 infra
634 3136 664 3197 in
690 3136 768 3197 XlIl
792 3144 997 3217 argumento.

245 3243 303 3304 Ad
326 3242 508 3323 septimum,
539 3264 615 3304 cum
647 3244 778 3304 dicitur:
810 3244 894 3304 sicut
916 3243 1140 3305 cottvcm'entia

180 3346 322 3411 formalis
345 3349 386 3410 ad
411 3350 539 3421 realem,
566 3350 608 3410 ita
632 3349 819 3429 differentia
832 3348 975 3410 formalis
992 3350 1034 3410 ad
1050 3349 1140 3411 diffe-

180 3456 315 3516 rentiam
348 3456 476 3528 realem,
505 3456 579 3518 dico
613 3458 704 3537 quod
735 3456 813 3518 illud
836 3466 884 3517 est
915 3455 1032 3517 falsum
1064 3456 1141 3536 quia

180 3562 402 3624 convenientia
419 3562 561 3624 formalis
585 3562 719 3625 includit
742 3562 921 3624 necessario
938 3563 1066 3634 realem,
1084 3563 1140 3624 sed

180 3666 357 3730 differentia
385 3667 528 3731 formalis
559 3690 624 3731 non
648 3669 692 3731 sic
725 3669 858 3730 includit
890 3669 1018 3742 realem,
1050 3669 1140 3750 quod
