2684 4209
239 219 307 281 424
503 203 577 267 Lm.
601 203 616 266 Ι
640 175 935 266 Sauraurmnuu

213 407 348 470 chordae
376 416 452 470 sunt
474 408 557 470 bene
588 407 757 480 ordinata,
790 428 857 471 non
881 417 989 490 potest
1019 409 1073 471 illa
1098 411 1188 472 ordi·

215 514 305 576 natio
329 515 497 576 meliorari.

285 618 404 684 Contra
427 619 486 684 hoc
515 620 666 703 objicitur
690 622 779 703 quod
813 621 938 704 primus
968 623 1050 684 ordo
1073 623 1183 704 possit

214 728 383 801 meliorari,
416 748 492 790 nam
531 729 612 791 ordo
642 737 863 792 creaturarum
896 730 938 792 ad
970 731 1080 792 Deum
1115 751 1187 793 non

211 844 261 896 est
284 835 342 896 nisi
365 835 520 916 quaedam
543 835 711 897 tendentia
742 846 964 898 creaturarum
995 836 1026 899 in
1052 837 1185 918 ipsum;

212 942 269 1004 sed
293 941 352 1003 ista
375 941 540 1003 tendentia
556 951 664 1023 potest
689 942 860 1016 meliorari,
885 953 917 1005 et
933 944 974 1005 de
998 942 1086 1006 facto
1112 963 1185 1005 me-

211 1048 351 1123 lioratur,
369 1048 451 1110 sicut
474 1056 564 1129 patet
587 1050 629 1111 de
643 1048 824 1122 animabus,
841 1069 917 1131 quae
941 1049 1074 1112 diversis
1091 1059 1177 1113 tem-

214 1154 347 1236 poribus
371 1156 485 1217 melius
508 1156 647 1217 tendunt
669 1155 703 1217 in
723 1157 850 1234 Deum;
874 1177 962 1238 ergo
987 1191 1032 1204 -
1055 1156 1185 1219 Proete-

213 1282 279 1334 rea‚
307 1261 434 1324 videtur
456 1263 546 1344 qnod
570 1263 652 1325 ordo
684 1272 905 1324 creaturarum
937 1263 1019 1324 inter
1042 1283 1077 1324 se
1103 1284 1181 1344 pos-

210 1369 251 1430 sit
274 1368 442 1442 meliorari,
474 1368 550 1450 quia
581 1368 770 1449 accipiendo
801 1389 915 1432 omnes
945 1379 1111 1431 creaturas
1137 1379 1174 1431 ut

211 1475 401 1538 ordinantur
430 1475 473 1537 ad
504 1474 682 1548 hominem,
716 1474 774 1537 iste
809 1475 891 1537 ordo
922 1483 1030 1557 potest
1061 1476 1179 1538 melio-

213 1581 284 1655 rari,
307 1581 384 1663 quia
415 1581 473 1644 iste
495 1581 577 1643 ordo
607 1591 656 1643 est
686 1581 844 1662 subjectio
874 1591 1096 1644 creaturarum
1129 1583 1176 1644 ad

215 1688 399 1763 hominem;
431 1689 487 1750 sed
518 1687 578 1750 ista
609 1687 768 1769 subjectio
799 1697 906 1770 potest
938 1687 1108 1762 meliorari,
1141 1698 1182 1750 ut

213 1802 311 1876 patet,
336 1795 412 1876 quia
427 1793 487 1857 suit
511 1793 623 1856 melior
642 1795 676 1857 in
692 1802 777 1857 statu
802 1795 995 1857 innocentiae
1016 1794 1075 1856 ista
1100 1795 1180 1856 sub-

209 1901 308 1981 jectio
330 1921 431 1983 quam
454 1901 495 1963 sit
519 1901 637 1976 m0d0;
661 1921 741 1983 ergo
773 1901 900 1962 videtur
932 1900 1022 1982 quod
1047 1899 1179 1962 univer-

211 2028 284 2070 sum
315 2018 476 2090 quantum
499 2008 542 2070 ad
573 2008 672 2070 istum
696 2007 861 2089 duplicem
889 2006 1047 2080 ordinem,
1072 2007 1179 2088 possit

212 2115 381 2176 meliorari.
407 2153 449 2160 —
472 2114 551 2177 Ideo
581 2115 655 2177 dico
686 2115 777 2196 quod
802 2115 893 2176 Deus
925 2113 1033 2194 potuit
1055 2122 1088 2175 et
1121 2133 1180 2194 po

210 2231 274 2283 test
301 2219 405 2284 facere
436 2221 597 2283 mundum
634 2221 801 2283 meliorem
834 2229 903 2282 tam
938 2229 1101 2301 quantum
1131 2220 1176 2281 ad

209 2347 278 2389 esse
300 2328 520 2401 substantiale,
544 2347 645 2409 quam
669 2336 831 2409 quantum
854 2327 897 2389 ad
928 2346 997 2388 esse
1024 2324 1177 2388 acciden-

208 2434 274 2496 tale
296 2443 527 2509 creaturarum,
550 2444 583 2496 et
605 2442 674 2496 tam
699 2433 731 2495 in
755 2433 868 2496 ordine
891 2441 1114 2495 creaturarum
1130 2432 1176 2493 ad

211 2541 331 2614 Deum,
355 2561 455 2622 qnam
479 2540 511 2602 in
535 2540 647 2603 ordine
670 2549 891 2602 creaturarum
915 2539 997 2602 inter
1020 2559 1063 2602 se.

278 2754 339 2816 AD
363 2767 506 2817 PRIMUM
530 2767 757 2827 PRINCIPALE,
781 2773 868 2835 nego
887 2753 1144 2834 consequentiam
1156 2777 1171 2826 ,·

210 2861 304 2942 cujus
335 2861 416 2923 ratio
450 2869 499 2923 est
532 2860 610 2941 quia
643 2860 763 2922 invidia
798 2860 974 2942 opponitur
1009 2858 1169 2922 charitati.

210 2967 289 3029 Ideo
317 2967 371 3028 ubi
404 2987 447 3029 ex
470 2966 627 3030 charitate
657 2975 769 3029 teneor
799 2966 881 3028 velle
911 2966 1037 3028 bonum
1064 2966 1172 3034 alicui.

209 3073 335 3135 sinolo
358 3084 406 3136 est
429 3073 567 3151 invidia;
593 3075 683 3136 Deus
714 3083 824 3135 autem
849 3093 915 3136 non
946 3081 1083 3144 tenetur,
1113 3092 1175 3134 nec

209 3179 396 3262 obbligatur
418 3199 461 3241 ex
485 3179 641 3242 charitate
656 3180 738 3242 velle
762 3179 886 3241 bonum
910 3187 1077 3250 ereatura,
1094 3177 1169 3240 ideo

210 3286 325 3348 sinon
357 3284 433 3348 lacit
464 3296 645 3349 creaturam
679 3286 854 3359 meliorem,
887 3293 1025 3347 nonest
1056 3283 1099 3346 ibi
1122 3283 1172 3345 in·

210 3393 306 3454 vidia.
330 3429 375 3440 -
398 3395 456 3456 Ad
479 3394 577 3456 alind
596 3402 707 3454 autem
738 3393 828 3473 quod
851 3391 985 3454 adducit
1015 3410 1074 3472 pro
1097 3409 1174 3452 con-

210 3497 403 3574 firmatione,
428 3502 469 3563 de
493 3499 575 3562 Filio
600 3499 672 3573 Dei,
696 3500 770 3562 dico
792 3499 882 3579 quod
906 3517 972 3560 non
995 3507 1043 3559 est
1066 3497 1173 3558 simile

210 3604 288 3683 quia
312 3607 405 3667 Pater
428 3615 555 3668 tenetur
579 3607 661 3669 velle
686 3606 767 3667 Filio
783 3605 1004 3686 aequalitatem
1027 3623 1070 3665 ex
1093 3601 1172 3665 cha-
