2684 4209
370 291 557 356 Drsrmo‘r.
582 291 662 354 VIII
687 290 835 372 Qonsr.
860 291 890 354 II
1052 305 1112 371 157

176 494 209 556 in
233 496 441 558 moventibus
466 505 499 558 et
523 496 628 570 motiS,
646 505 725 558 tunc
748 504 858 558 motus
873 494 1018 559 infinitus
1040 504 1089 557 est
1104 496 1137 558 in

175 611 325 683 tempore
341 600 451 679 finit03
475 623 665 685 consequens
687 611 737 665 est
752 603 879 677 falsum,
903 611 940 665 ut
961 602 1137 683 probatum

176 718 226 771 est
248 708 279 771 6.
303 707 408 790 Phys.
432 730 458 772 c,
483 728 514 792 9.
524 733 540 783 ,·
564 730 643 792 ergo
666 719 700 772 et
715 710 913 772 antecedens,
940 706 1140 790 Consequens

177 814 275 895 hujus
298 815 430 878 rationis
453 815 610 897 probatur
626 816 671 878 sic
695 815 832 878 ibidem:
858 815 1002 897 Quando
1017 815 1138 897 aliquid

179 931 290 984 movet
313 941 356 984 ex
379 943 419 984 eo
442 924 531 1004 quod
549 932 699 985 movetur
721 922 816 984 simul
842 930 952 984 movet
975 931 1008 985 et
1032 943 1145 984 move-

176 1037 240 1102 tur,
265 1038 302 1091 ut
324 1028 350 1090 si
374 1027 392 1090 b
415 1038 526 1092 movet
549 1049 571 1091 a
594 1038 626 1093 et
654 1037 806 1091 movetur
832 1050 852 1090 a
874 1051 901 1101 c,
929 1029 1026 1091 simul
1050 1029 1139 1092 etin

176 1135 293 1197 eodem
317 1143 475 1216 tempore,
499 1134 518 1197 b
542 1135 687 1198 movebit
709 1143 742 1197 et
766 1135 960 1210 movebitur,
984 1144 1016 1197 et
1039 1135 1084 1197 sic
1107 1135 1140 1196 in

176 1249 247 1304 tota
263 1241 506 1304 coordinatione
530 1241 732 1304 moventium
747 1251 781 1304 et
804 1250 969 1303 motorum
993 1242 1062 1304 erit.
1080 1242 1142 1304 Est

177 1357 288 1410 autem
308 1349 545 1410 advertendum
563 1348 743 1410 secundum
760 1347 996 1430 Philosophum
1021 1348 1140 1410 ibidem

178 1456 367 1536 quodcum
391 1475 412 1516 a
437 1465 588 1516 movetur
612 1476 631 1517 a
655 1455 683 1530 b,
707 1464 740 1517 et
763 1454 781 1516 b
803 1476 823 1515 a
845 1476 862 1515 c
884 1463 917 1516 et
947 1455 992 1517 sic
1016 1456 1048 1516 in
1072 1453 1145 1516 infi-

179 1561 284 1623 nitum
308 1560 457 1642 quamvis
482 1570 571 1624 totus
596 1570 706 1624 motus
728 1561 768 1623 sit
791 1560 944 1636 infinituS,
970 1570 1080 1623 motus
1096 1571 1142 1623 ta·

180 1688 255 1730 men
278 1688 300 1729 a
322 1675 450 1730 tantum
476 1678 509 1731 et
532 1667 704 1748 cujuslibet
726 1689 784 1750 per
806 1688 841 1730 se
863 1676 912 1730 est
937 1677 1047 1731 motus
1070 1667 1142 1731 fini-

178 1783 242 1836 tus.
266 1773 360 1836 Tunc
389 1774 535 1856 arguitur
559 1775 620 1836 sic:
646 1775 758 1836 Motus
788 1783 880 1836 aest
911 1773 1038 1850 finitus;
1062 1796 1142 1857 ergo

179 1879 276 1943 estin
292 1889 440 1963 tempore
459 1879 559 1943 finito.
578 1880 722 1942 Vocetur
749 1901 828 1962 ergo
844 1881 923 1942 illud
951 1889 1082 1963 tempus
1106 1881 1141 1956 b;

180 1987 237 2050 sed
250 2007 325 2049 cum
341 1997 490 2050 movetur
502 2009 523 2050 a
533 2009 588 2069 per
602 1986 620 2049 b
631 1988 722 2069 quod
733 1996 781 2049 est
793 1997 924 2069 tempus
937 1986 1065 2050 finitum
1076 2009 1148 2049 mo=

180 2103 300 2157 ventur
323 2095 434 2156 omnia
449 2095 510 2156 alia
527 2095 693 2156 moventia
720 2104 753 2156 et
776 2094 907 2156 mobilia
923 2095 955 2156 in
979 2095 1032 2156 illa
1055 2115 1144 2156 coor-

181 2200 347 2262 dinatione
372 2209 404 2263 et
428 2201 480 2263 illa
503 2211 579 2263 sunt
601 2199 726 2263 infinita
742 2222 798 2283 per
821 2211 863 2275 te,
884 2211 916 2263 et
939 2201 1035 2262 simul
1059 2221 1146 2262 surn-

181 2317 248 2389 pta,
273 2315 305 2369 et
328 2307 381 2370 illa
403 2306 529 2370 faciunt
561 2316 689 2369 motum
720 2307 900 2383 infinitum;
924 2329 1004 2390 ergo
1036 2317 1145 2370 motus

181 2412 326 2476 infinitus
348 2413 407 2476 erit
430 2414 462 2476 in
486 2422 633 2496 tempore
656 2413 757 2477 finito.
779 2415 897 2475 -Forte
930 2415 1026 2486 dz'ccs,
1054 2414 1144 2495 quod

182 2521 319 2582 istorum
344 2519 546 2583 moventium
570 2529 602 2583 et
626 2530 791 2582 motorum
816 2541 882 2583 non
905 2528 954 2582 est
977 2541 1061 2582 unus
1079 2541 1150 2582 mo

181 2636 235 2689 tus
266 2647 412 2688 numero.
445 2626 517 2688 Hoc
548 2627 714 2708 improbat
744 2626 963 2708 Philosophus
994 2647 1050 2708 per
1082 2626 1146 2688 hoc

183 2733 273 2815 quod
298 2753 433 2796 movens
460 2743 492 2795 et
516 2741 643 2795 motum
676 2733 796 2796 debent
826 2754 895 2795 esse
925 2733 1031 2806 simul,
1063 2733 1146 2795 sicut

183 2840 365 2902 declaratur
390 2860 447 2921 per
470 2819 571 2902 istam*
591 2839 767 2902 rationem.
793 2838 901 2902 Omne
924 2840 1015 2920 quod
1038 2860 1152 2902 move-

183 2955 246 3019 tur,
270 2954 327 3008 aut
350 2954 499 3008 movetur
522 2967 542 3008 a
565 2945 724 3028 principio
747 2946 920 3008 intrinseco
943 2954 1000 3008 aut
1023 2967 1043 3007 a
1058 2945 1147 3027 prin-

183 3053 269 3134 cipio
306 3053 495 3116 extrinseco
539 3052 604 3116 Sed
643 3074 682 3115 ea
719 3073 794 3134 quae
826 3062 998 3115 moventur
1021 3073 1041 3114 a
1064 3053 1153 3134 prin--

187 3159 272 3240 cipio
296 3159 481 3231 intrinseco,
509 3167 599 3240 patet
622 3159 713 3241 quod
735 3159 768 3220 in
791 3158 836 3221 eis
867 3179 1002 3220 movens
1025 3166 1057 3220 et
1081 3179 1149 3221 mo

184 3274 256 3327 tum
281 3274 356 3328 sunt
379 3265 485 3328 simul.
511 3264 663 3329 Similiter
686 3273 719 3327 et
742 3265 773 3327 in
798 3265 847 3327 his
870 3286 945 3346 quae
974 3274 1148 3327 moventur

186 3393 207 3434 a
230 3372 387 3454 principio
417 3373 606 3447 extrinseco,
639 3393 774 3434 movens
804 3381 837 3434 et
868 3381 996 3434 motum
1028 3371 1148 3434 debent

185 3498 254 3541 esse
277 3479 382 3553 simul,
406 3478 497 3560 quod
519 3480 676 3560 probatur
699 3478 777 3541 ibid.
802 3479 863 3540 sic:
882 3477 982 3558 Quod
999 3487 1147 3540 movetur

185 3605 206 3646 a
229 3584 386 3667 principio
409 3585 602 3660 extrinsecO,
628 3595 778 3648 movetur
793 3585 894 3648 altero
917 3585 1054 3647 istorum
1071 3606 1149 3666 qua-

186 3699 261 3754 tuor
277 3692 462 3766 modorum,
480 3692 615 3754 scilicet:
633 3692 794 3772 pulsione,
815 3691 981 3764 tructione,
1009 3691 1150 3753 vectione
