<?xml version="1.0" encoding="UTF-8"?>
<!DOCTYPE html PUBLIC "-//W3C//DTD XHTML 1.0 Transitional//EN"
    "http://www.w3.org/TR/xhtml1/DTD/xhtml1-transitional.dtd">
<html xmlns="http://www.w3.org/1999/xhtml" xml:lang="en" lang="en">
 <head>
  <title>
</title>
<meta http-equiv="Content-Type" content="text/html;charset=utf-8" />
  <meta name='ocr-system' content='tesseract 3.04.00' />
  <meta name='ocr-capabilities' content='ocr_page ocr_carea ocr_par ocr_line ocrx_word'/>
</head>
<body>
  <div class='ocr_page' id='page_1' title='image "./commentariainli01scotgoog_0456.png"; bbox 0 0 2684 4209; ppageno 0'>
   <div class='ocr_carea' id='block_1_1' title="bbox 273 229 963 308">
    <p class='ocr_par' dir='ltr' id='par_1_1' title="bbox 273 229 963 308">
     <span class='ocr_line' id='line_1_1' title="bbox 273 229 963 308; baseline 0.003 -16"><span class='ocrx_word' id='word_1_1' title='bbox 273 246 340 308; x_wconf 84' lang='lat'>440</span> <span class='ocrx_word' id='word_1_2' title='bbox 531 229 606 292; x_wconf 84' lang='lat' dir='ltr'>Lm.</span> <span class='ocrx_word' id='word_1_3' title='bbox 631 229 645 292; x_wconf 92' lang='lat'>1</span> <span class='ocrx_word' id='word_1_4' title='bbox 669 229 963 294; x_wconf 76' lang='lat' dir='ltr'>Sanasnamnun</span> 
     </span>
    </p>
   </div>
   <div class='ocr_carea' id='block_1_2' title="bbox 241 435 1212 1694">
    <p class='ocr_par' dir='ltr' id='par_1_2' title="bbox 248 435 1211 926">
     <span class='ocr_line' id='line_1_2' title="bbox 248 435 1207 518; baseline -0.001 -22"><span class='ocrx_word' id='word_1_5' title='bbox 248 445 304 496; x_wconf 93' lang='lat' dir='ltr'>cto</span> <span class='ocrx_word' id='word_1_6' title='bbox 327 435 394 497; x_wconf 88' lang='lat' dir='ltr'>sive</span> <span class='ocrx_word' id='word_1_7' title='bbox 417 435 449 497; x_wconf 94' lang='lat' dir='ltr'>in</span> <span class='ocrx_word' id='word_1_8' title='bbox 476 435 596 510; x_wconf 90' lang='lat' dir='ltr'>volito;</span> <span class='ocrx_word' id='word_1_9' title='bbox 622 457 699 499; x_wconf 92' lang='lat' dir='ltr'>nam</span> <span class='ocrx_word' id='word_1_10' title='bbox 733 456 776 498; x_wconf 88' lang='lat' dir='ltr'>ex</span> <span class='ocrx_word' id='word_1_11' title='bbox 812 435 875 498; x_wconf 89' lang='lat' dir='ltr'>hoc</span> <span class='ocrx_word' id='word_1_12' title='bbox 905 437 995 518; x_wconf 91' lang='lat' dir='ltr'>quod</span> <span class='ocrx_word' id='word_1_13' title='bbox 1025 436 1116 498; x_wconf 87' lang='lat' dir='ltr'>Deus</span> <span class='ocrx_word' id='word_1_14' title='bbox 1144 435 1207 496; x_wconf 87' lang='lat' dir='ltr'>vult</span> 
     </span>
     <span class='ocr_line' id='line_1_3' title="bbox 249 541 1209 623; baseline 0.001 -21"><span class='ocrx_word' id='word_1_15' title='bbox 249 541 382 623; x_wconf 82' lang='lat' dir='ltr'>aliquid,</span> <span class='ocrx_word' id='word_1_16' title='bbox 407 541 485 604; x_wconf 88' lang='lat' dir='ltr'>illud</span> <span class='ocrx_word' id='word_1_17' title='bbox 508 551 558 605; x_wconf 90' lang='lat' dir='ltr'>est</span> <span class='ocrx_word' id='word_1_18' title='bbox 582 542 717 616; x_wconf 89' lang='lat' dir='ltr'>bonum,</span> <span class='ocrx_word' id='word_1_19' title='bbox 742 543 893 606; x_wconf 87' lang='lat' dir='ltr'>voluntas</span> <span class='ocrx_word' id='word_1_20' title='bbox 924 552 1035 604; x_wconf 88' lang='lat' dir='ltr'>autem</span> <span class='ocrx_word' id='word_1_21' title='bbox 1067 549 1209 604; x_wconf 80' lang='lat' dir='ltr'>creatae</span> 
     </span>
     <span class='ocr_line' id='line_1_4' title="bbox 251 648 1211 731; baseline 0 -23"><span class='ocrx_word' id='word_1_22' title='bbox 251 668 422 722; x_wconf 87' lang='lat' dir='ltr'>converso,</span> <span class='ocrx_word' id='word_1_23' title='bbox 446 648 522 731; x_wconf 89' lang='lat' dir='ltr'>quia</span> <span class='ocrx_word' id='word_1_24' title='bbox 545 650 697 711; x_wconf 88' lang='lat' dir='ltr'>voluntas</span> <span class='ocrx_word' id='word_1_25' title='bbox 719 657 826 711; x_wconf 88' lang='lat' dir='ltr'>creata</span> <span class='ocrx_word' id='word_1_26' title='bbox 850 669 916 712; x_wconf 91' lang='lat' dir='ltr'>non</span> <span class='ocrx_word' id='word_1_27' title='bbox 939 658 989 711; x_wconf 91' lang='lat' dir='ltr'>est</span> <span class='ocrx_word' id='word_1_28' title='bbox 1011 669 1109 712; x_wconf 89' lang='lat' dir='ltr'>causa</span> <span class='ocrx_word' id='word_1_29' title='bbox 1125 648 1211 710; x_wconf 91' lang='lat' dir='ltr'>boni-</span> 
     </span>
     <span class='ocr_line' id='line_1_5' title="bbox 250 755 1211 839; baseline 0.001 -24"><span class='ocrx_word' id='word_1_30' title='bbox 250 755 327 816; x_wconf 91' lang='lat' dir='ltr'>tatis</span> <span class='ocrx_word' id='word_1_31' title='bbox 351 755 383 816; x_wconf 92' lang='lat' dir='ltr'>in</span> <span class='ocrx_word' id='word_1_32' title='bbox 407 755 547 836; x_wconf 70' lang='lat' dir='ltr'>objecto</span> <span class='ocrx_word' id='word_1_33' title='bbox 572 755 670 818; x_wconf 87' lang='lat' dir='ltr'>sede</span> <span class='ocrx_word' id='word_1_34' title='bbox 694 775 862 830; x_wconf 73' lang='lat' dir='ltr'>converso</span> <span class='ocrx_word' id='word_1_35' title='bbox 886 756 963 839; x_wconf 90' lang='lat' dir='ltr'>quia</span> <span class='ocrx_word' id='word_1_36' title='bbox 986 755 1151 836; x_wconf 88' lang='lat' dir='ltr'>objectum</span> <span class='ocrx_word' id='word_1_37' title='bbox 1166 765 1211 818; x_wconf 82' lang='lat' dir='ltr'>est</span> 
     </span>
     <span class='ocr_line' id='line_1_6' title="bbox 249 861 854 926; baseline 0.005 -4"><span class='ocrx_word' id='word_1_38' title='bbox 249 861 374 923; x_wconf 91' lang='lat' dir='ltr'>bonum</span> <span class='ocrx_word' id='word_1_39' title='bbox 398 861 472 924; x_wconf 88' lang='lat' dir='ltr'>ideo</span> <span class='ocrx_word' id='word_1_40' title='bbox 494 863 646 924; x_wconf 87' lang='lat' dir='ltr'>voluntas</span> <span class='ocrx_word' id='word_1_41' title='bbox 669 861 749 925; x_wconf 92' lang='lat' dir='ltr'>illud</span> <span class='ocrx_word' id='word_1_42' title='bbox 775 863 854 926; x_wconf 90' lang='lat' dir='ltr'>vult.</span> 
     </span>
    </p>

    <p class='ocr_par' dir='ltr' id='par_1_3' title="bbox 241 967 1212 1694">
     <span class='ocr_line' id='line_1_7' title="bbox 319 967 1212 1050; baseline 0.001 -19"><span class='ocrx_word' id='word_1_43' title='bbox 319 967 353 1031; x_wconf 89' lang='lat' dir='ltr'>Si</span> <span class='ocrx_word' id='word_1_44' title='bbox 376 977 487 1031; x_wconf 88' lang='lat' dir='ltr'>autem</span> <span class='ocrx_word' id='word_1_45' title='bbox 503 978 686 1050; x_wconf 78' lang='lat' dir='ltr'>quaeratur:</span> <span class='ocrx_word' id='word_1_46' title='bbox 709 970 825 1034; x_wconf 82' lang='lat' dir='ltr'><em>Utrum</em></span> <span class='ocrx_word' id='word_1_47' title='bbox 846 971 998 1033; x_wconf 85' lang='lat' dir='ltr'>voluntas</span> <span class='ocrx_word' id='word_1_48' title='bbox 1012 982 1121 1034; x_wconf 81' lang='lat' dir='ltr'>creata</span> <span class='ocrx_word' id='word_1_49' title='bbox 1146 991 1212 1033; x_wconf 85' lang='lat' dir='ltr'>corr-</span> 
     </span>
     <span class='ocr_line' id='line_1_8' title="bbox 241 1075 1211 1160; baseline 0.001 -23"><span class='ocrx_word' id='word_1_50' title='bbox 241 1075 368 1156; x_wconf 83' lang='lat' dir='ltr'>sormis</span> <span class='ocrx_word' id='word_1_51' title='bbox 391 1076 517 1138; x_wconf 82' lang='lat' dir='ltr'>divinoe</span> <span class='ocrx_word' id='word_1_52' title='bbox 540 1077 706 1140; x_wconf 83' lang='lat' dir='ltr'>voluntati</span> <span class='ocrx_word' id='word_1_53' title='bbox 720 1087 783 1158; x_wconf 79' lang='lat' dir='ltr'>per</span> <span class='ocrx_word' id='word_1_54' title='bbox 816 1077 1042 1152; x_wconf 82' lang='lat' dir='ltr'>imitationem,</span> <span class='ocrx_word' id='word_1_55' title='bbox 1075 1079 1211 1160; x_wconf 84' lang='lat' dir='ltr'>inquan-</span> 
     </span>
     <span class='ocr_line' id='line_1_9' title="bbox 249 1183 1211 1268; baseline 0.002 -24"><span class='ocrx_word' id='word_1_56' title='bbox 249 1192 319 1244; x_wconf 83' lang='lat' dir='ltr'>tum</span> <span class='ocrx_word' id='word_1_57' title='bbox 342 1191 391 1244; x_wconf 83' lang='lat' dir='ltr'>est</span> <span class='ocrx_word' id='word_1_58' title='bbox 410 1183 527 1266; x_wconf 79' lang='lat' dir='ltr'>regula</span> <span class='ocrx_word' id='word_1_59' title='bbox 550 1183 683 1246; x_wconf 81' lang='lat' dir='ltr'>volendi</span> <span class='ocrx_word' id='word_1_60' title='bbox 698 1195 761 1266; x_wconf 83' lang='lat' dir='ltr'>per</span> <span class='ocrx_word' id='word_1_61' title='bbox 776 1185 906 1248; x_wconf 87' lang='lat' dir='ltr'>modum</span> <span class='ocrx_word' id='word_1_62' title='bbox 917 1186 1080 1268; x_wconf 80' lang='lat' dir='ltr'>proecepti,</span> <span class='ocrx_word' id='word_1_63' title='bbox 1097 1186 1144 1248; x_wconf 88' lang='lat' dir='ltr'>sit</span> <span class='ocrx_word' id='word_1_64' title='bbox 1165 1185 1211 1248; x_wconf 82' lang='lat' dir='ltr'>bo-</span> 
     </span>
     <span class='ocr_line' id='line_1_10' title="bbox 250 1289 1210 1373; baseline 0.004 -23"><span class='ocrx_word' id='word_1_65' title='bbox 250 1309 305 1360; x_wconf 80' lang='lat' dir='ltr'>rea,</span> <span class='ocrx_word' id='word_1_66' title='bbox 333 1289 406 1352; x_wconf 92' lang='lat' dir='ltr'>dico</span> <span class='ocrx_word' id='word_1_67' title='bbox 430 1291 519 1372; x_wconf 89' lang='lat' dir='ltr'>quod</span> <span class='ocrx_word' id='word_1_68' title='bbox 542 1291 597 1372; x_wconf 87' lang='lat' dir='ltr'>sic,</span> <span class='ocrx_word' id='word_1_69' title='bbox 622 1289 699 1373; x_wconf 89' lang='lat' dir='ltr'>quia</span> <span class='ocrx_word' id='word_1_70' title='bbox 724 1311 854 1354; x_wconf 86' lang='lat' dir='ltr'>necesse</span> <span class='ocrx_word' id='word_1_71' title='bbox 876 1299 924 1354; x_wconf 92' lang='lat' dir='ltr'>est</span> <span class='ocrx_word' id='word_1_72' title='bbox 947 1293 1101 1356; x_wconf 89' lang='lat' dir='ltr'>devenire</span> <span class='ocrx_word' id='word_1_73' title='bbox 1124 1293 1167 1354; x_wconf 92' lang='lat' dir='ltr'>ad</span> <span class='ocrx_word' id='word_1_74' title='bbox 1181 1313 1210 1354; x_wconf 85' lang='lat' dir='ltr'>a·</span> 
     </span>
     <span class='ocr_line' id='line_1_11' title="bbox 250 1396 1212 1481; baseline 0.003 -24"><span class='ocrx_word' id='word_1_75' title='bbox 250 1396 372 1478; x_wconf 88' lang='lat' dir='ltr'>liquam</span> <span class='ocrx_word' id='word_1_76' title='bbox 396 1396 584 1460; x_wconf 88' lang='lat' dir='ltr'>volitionem</span> <span class='ocrx_word' id='word_1_77' title='bbox 608 1397 706 1460; x_wconf 87' lang='lat' dir='ltr'>etad</span> <span class='ocrx_word' id='word_1_78' title='bbox 736 1398 880 1481; x_wconf 88' lang='lat' dir='ltr'>aliquam</span> <span class='ocrx_word' id='word_1_79' title='bbox 911 1399 1115 1462; x_wconf 87' lang='lat' dir='ltr'>voluntatem</span> <span class='ocrx_word' id='word_1_80' title='bbox 1147 1419 1212 1461; x_wconf 91' lang='lat' dir='ltr'>om-</span> 
     </span>
     <span class='ocr_line' id='line_1_12' title="bbox 250 1503 1211 1587; baseline 0.004 -24"><span class='ocrx_word' id='word_1_81' title='bbox 250 1503 327 1565; x_wconf 89' lang='lat' dir='ltr'>nino</span> <span class='ocrx_word' id='word_1_82' title='bbox 351 1503 634 1585; x_wconf 81' lang='lat' dir='ltr'>inobliquabilem3</span> <span class='ocrx_word' id='word_1_83' title='bbox 658 1504 715 1566; x_wconf 88' lang='lat' dir='ltr'>sed</span> <span class='ocrx_word' id='word_1_84' title='bbox 740 1504 811 1567; x_wconf 87' lang='lat' dir='ltr'>haec</span> <span class='ocrx_word' id='word_1_85' title='bbox 836 1525 902 1568; x_wconf 91' lang='lat' dir='ltr'>non</span> <span class='ocrx_word' id='word_1_86' title='bbox 926 1514 1033 1587; x_wconf 90' lang='lat' dir='ltr'>potest</span> <span class='ocrx_word' id='word_1_87' title='bbox 1059 1526 1131 1569; x_wconf 88' lang='lat' dir='ltr'>esse</span> <span class='ocrx_word' id='word_1_88' title='bbox 1155 1505 1211 1568; x_wconf 89' lang='lat' dir='ltr'>nisi</span> 
     </span>
     <span class='ocr_line' id='line_1_13' title="bbox 249 1609 1211 1694; baseline 0.003 -24"><span class='ocrx_word' id='word_1_89' title='bbox 249 1609 401 1671; x_wconf 84' lang='lat' dir='ltr'>voluntas</span> <span class='ocrx_word' id='word_1_90' title='bbox 425 1610 504 1686; x_wconf 88' lang='lat' dir='ltr'>Dei;</span> <span class='ocrx_word' id='word_1_91' title='bbox 529 1630 608 1692; x_wconf 86' lang='lat' dir='ltr'>ergo</span> <span class='ocrx_word' id='word_1_92' title='bbox 631 1610 657 1672; x_wconf 92' lang='lat' dir='ltr'>si</span> <span class='ocrx_word' id='word_1_93' title='bbox 682 1619 793 1674; x_wconf 89' lang='lat' dir='ltr'>nostra</span> <span class='ocrx_word' id='word_1_94' title='bbox 816 1610 967 1674; x_wconf 89' lang='lat' dir='ltr'>voluntas</span> <span class='ocrx_word' id='word_1_95' title='bbox 994 1611 1053 1694; x_wconf 90' lang='lat' dir='ltr'>ipsi</span> <span class='ocrx_word' id='word_1_96' title='bbox 1085 1611 1211 1675; x_wconf 83' lang='lat' dir='ltr'>confor-</span> 
     </span>
    </p>
   </div>
   <div class='ocr_carea' id='block_1_3' title="bbox 248 1716 1212 1802">
    <p class='ocr_par' dir='ltr' id='par_1_4' title="bbox 248 1716 1212 1802">
     <span class='ocr_line' id='line_1_14' title="bbox 248 1716 1212 1802; baseline 0.004 -25"><span class='ocrx_word' id='word_1_97' title='bbox 248 1726 355 1778; x_wconf 86' lang='lat' dir='ltr'>rnetnr</span> <span class='ocrx_word' id='word_1_98' title='bbox 378 1737 444 1778; x_wconf 94' lang='lat' dir='ltr'>non</span> <span class='ocrx_word' id='word_1_99' title='bbox 469 1737 526 1798; x_wconf 89' lang='lat' dir='ltr'>per</span> <span class='ocrx_word' id='word_1_100' title='bbox 549 1716 794 1780; x_wconf 82' lang='lat' dir='ltr'>similitudinem</span> <span class='ocrx_word' id='word_1_101' title='bbox 819 1727 958 1793; x_wconf 87' lang='lat' dir='ltr'>tantum,</span> <span class='ocrx_word' id='word_1_102' title='bbox 982 1719 1039 1782; x_wconf 89' lang='lat' dir='ltr'>sed</span> <span class='ocrx_word' id='word_1_103' title='bbox 1062 1739 1122 1802; x_wconf 87' lang='lat' dir='ltr'>per</span> <span class='ocrx_word' id='word_1_104' title='bbox 1147 1719 1212 1782; x_wconf 90' lang='lat' dir='ltr'>imi-</span> 
     </span>
    </p>
   </div>
   <div class='ocr_carea' id='block_1_4' title="bbox 246 1821 1209 2012">
    <p class='ocr_par' dir='ltr' id='par_1_5' title="bbox 246 1821 1209 2012">
     <span class='ocr_line' id='line_1_15' title="bbox 246 1821 1209 1907; baseline 0.002 -23"><span class='ocrx_word' id='word_1_105' title='bbox 246 1821 415 1895; x_wconf 89' lang='lat' dir='ltr'>tationem,</span> <span class='ocrx_word' id='word_1_106' title='bbox 440 1843 483 1885; x_wconf 85' lang='lat' dir='ltr'>ex</span> <span class='ocrx_word' id='word_1_107' title='bbox 506 1843 546 1886; x_wconf 90' lang='lat' dir='ltr'>eo</span> <span class='ocrx_word' id='word_1_108' title='bbox 569 1824 659 1906; x_wconf 89' lang='lat' dir='ltr'>quod</span> <span class='ocrx_word' id='word_1_109' title='bbox 684 1825 829 1906; x_wconf 87' lang='lat' dir='ltr'>sequitur</span> <span class='ocrx_word' id='word_1_110' title='bbox 852 1825 957 1907; x_wconf 89' lang='lat' dir='ltr'>ipsam</span> <span class='ocrx_word' id='word_1_111' title='bbox 982 1847 1039 1907; x_wconf 88' lang='lat' dir='ltr'>per</span> <span class='ocrx_word' id='word_1_112' title='bbox 1070 1828 1209 1889; x_wconf 89' lang='lat' dir='ltr'>modum</span> 
     </span>
     <span class='ocr_line' id='line_1_16' title="bbox 247 1929 1083 2012; baseline 0.006 -22"><span class='ocrx_word' id='word_1_113' title='bbox 247 1929 410 2010; x_wconf 75' lang='lat' dir='ltr'>praecepti,</span> <span class='ocrx_word' id='word_1_114' title='bbox 436 1938 472 1992; x_wconf 90' lang='lat' dir='ltr'>ut</span> <span class='ocrx_word' id='word_1_115' title='bbox 494 1939 543 1992; x_wconf 89' lang='lat' dir='ltr'>est</span> <span class='ocrx_word' id='word_1_116' title='bbox 566 1932 689 2012; x_wconf 84' lang='lat' dir='ltr'>regula,</span> <span class='ocrx_word' id='word_1_117' title='bbox 715 1939 764 1993; x_wconf 91' lang='lat' dir='ltr'>est</span> <span class='ocrx_word' id='word_1_118' title='bbox 788 1931 874 1994; x_wconf 89' lang='lat' dir='ltr'>bona</span> <span class='ocrx_word' id='word_1_119' title='bbox 897 1932 964 1994; x_wconf 88' lang='lat' dir='ltr'>sive</span> <span class='ocrx_word' id='word_1_120' title='bbox 987 1942 1083 1995; x_wconf 87' lang='lat' dir='ltr'>recta.</span> 
     </span>
    </p>
   </div>
   <div class='ocr_carea' id='block_1_5' title="bbox 315 2144 1204 2228">
    <p class='ocr_par' dir='ltr' id='par_1_6' title="bbox 315 2144 1204 2228">
     <span class='ocr_line' id='line_1_17' title="bbox 315 2144 1204 2228; baseline 0.003 -23"><span class='ocrx_word' id='word_1_121' title='bbox 315 2144 376 2206; x_wconf 85' lang='lat' dir='ltr'>An</span> <span class='ocrx_word' id='word_1_122' title='bbox 399 2157 662 2208; x_wconf 80' lang='lat' dir='ltr'>nnnnnnnrnn</span> <span class='ocrx_word' id='word_1_123' title='bbox 679 2157 907 2219; x_wconf 75' lang='lat' dir='ltr'>rnmcnnna,</span> <span class='ocrx_word' id='word_1_124' title='bbox 932 2145 1005 2208; x_wconf 89' lang='lat' dir='ltr'>dico</span> <span class='ocrx_word' id='word_1_125' title='bbox 1027 2147 1119 2228; x_wconf 90' lang='lat' dir='ltr'>quod</span> <span class='ocrx_word' id='word_1_126' title='bbox 1138 2167 1204 2208; x_wconf 84' lang='lat' dir='ltr'>ma-</span> 
     </span>
    </p>
   </div>
   <div class='ocr_carea' id='block_1_6' title="bbox 234 2249 1287 2363">
    <p class='ocr_par' dir='ltr' id='par_1_7' title="bbox 234 2249 1287 2363">
     <span class='ocr_line' id='line_1_18' title="bbox 234 2249 1287 2363; baseline 0.007 -54"><span class='ocrx_word' id='word_1_127' title='bbox 234 2250 295 2332; x_wconf 85' lang='lat' dir='ltr'>jor</span> <span class='ocrx_word' id='word_1_128' title='bbox 316 2259 365 2312; x_wconf 91' lang='lat' dir='ltr'>est</span> <span class='ocrx_word' id='word_1_129' title='bbox 388 2249 475 2325; x_wconf 86' lang='lat' dir='ltr'>falsa,</span> <span class='ocrx_word' id='word_1_130' title='bbox 501 2251 577 2333; x_wconf 89' lang='lat' dir='ltr'>quia</span> <span class='ocrx_word' id='word_1_131' title='bbox 607 2251 724 2313; x_wconf 86' lang='lat' dir='ltr'>veritas</span> <span class='ocrx_word' id='word_1_132' title='bbox 761 2251 943 2314; x_wconf 83' lang='lat' dir='ltr'>intellectus</span> <span class='ocrx_word' id='word_1_133' title='bbox 977 2251 1142 2333; x_wconf 88' lang='lat' dir='ltr'>dependet</span> <span class='ocrx_word' id='word_1_134' title='bbox 1164 2251 1205 2314; x_wconf 89' lang='lat' dir='ltr'>ab</span> <span class='ocrx_word' id='word_1_135' title='bbox 1286 2325 1287 2363; x_wconf 27' lang='grc' dir='ltr'>ἢ</span> 
     </span>
    </p>
   </div>
   <div class='ocr_carea' id='block_1_7' title="bbox 243 2355 1209 3186">
    <p class='ocr_par' dir='ltr' id='par_1_8' title="bbox 243 2355 1209 3186">
     <span class='ocr_line' id='line_1_19' title="bbox 246 2355 1209 2440; baseline 0.003 -23"><span class='ocrx_word' id='word_1_136' title='bbox 246 2355 374 2436; x_wconf 92' lang='lat' dir='ltr'>objecto</span> <span class='ocrx_word' id='word_1_137' title='bbox 397 2365 544 2435; x_wconf 89' lang='lat' dir='ltr'>tantum;</span> <span class='ocrx_word' id='word_1_138' title='bbox 568 2357 625 2419; x_wconf 88' lang='lat' dir='ltr'>sed</span> <span class='ocrx_word' id='word_1_139' title='bbox 649 2358 810 2420; x_wconf 87' lang='lat' dir='ltr'>rectitudo</span> <span class='ocrx_word' id='word_1_140' title='bbox 834 2357 864 2420; x_wconf 87' lang='lat' dir='ltr'>in</span> <span class='ocrx_word' id='word_1_141' title='bbox 888 2358 1057 2421; x_wconf 87' lang='lat' dir='ltr'>voluntate</span> <span class='ocrx_word' id='word_1_142' title='bbox 1092 2361 1209 2440; x_wconf 87' lang='lat' dir='ltr'>depen-</span> 
     </span>
     <span class='ocr_line' id='line_1_20' title="bbox 245 2463 1209 2544; baseline 0.004 -21"><span class='ocrx_word' id='word_1_143' title='bbox 245 2463 301 2524; x_wconf 93' lang='lat' dir='ltr'>det</span> <span class='ocrx_word' id='word_1_144' title='bbox 323 2483 366 2524; x_wconf 84' lang='lat' dir='ltr'>ex</span> <span class='ocrx_word' id='word_1_145' title='bbox 389 2463 528 2544; x_wconf 90' lang='lat' dir='ltr'>objecto,</span> <span class='ocrx_word' id='word_1_146' title='bbox 552 2472 585 2526; x_wconf 90' lang='lat' dir='ltr'>et</span> <span class='ocrx_word' id='word_1_147' title='bbox 609 2485 685 2527; x_wconf 88' lang='lat' dir='ltr'>cum</span> <span class='ocrx_word' id='word_1_148' title='bbox 711 2463 772 2526; x_wconf 92' lang='lat' dir='ltr'>hoc</span> <span class='ocrx_word' id='word_1_149' title='bbox 802 2485 845 2526; x_wconf 90' lang='lat' dir='ltr'>ex</span> <span class='ocrx_word' id='word_1_150' title='bbox 876 2465 1125 2528; x_wconf 86' lang='lat' dir='ltr'>circumstantiis</span> <span class='ocrx_word' id='word_1_151' title='bbox 1158 2466 1209 2527; x_wconf 88' lang='lat' dir='ltr'>de-</span> 
     </span>
     <span class='ocr_line' id='line_1_21' title="bbox 245 2569 1208 2646; baseline 0.002 -16"><span class='ocrx_word' id='word_1_152' title='bbox 245 2569 336 2646; x_wconf 86' lang='lat' dir='ltr'>bitis;</span> <span class='ocrx_word' id='word_1_153' title='bbox 361 2570 417 2631; x_wconf 89' lang='lat' dir='ltr'>sed</span> <span class='ocrx_word' id='word_1_154' title='bbox 441 2570 639 2633; x_wconf 89' lang='lat' dir='ltr'>nobilissima</span> <span class='ocrx_word' id='word_1_155' title='bbox 662 2571 980 2634; x_wconf 81' lang='lat' dir='ltr'>circumstantiarum</span> <span class='ocrx_word' id='word_1_156' title='bbox 1005 2581 1053 2634; x_wconf 90' lang='lat' dir='ltr'>est</span> <span class='ocrx_word' id='word_1_157' title='bbox 1072 2572 1208 2634; x_wconf 91' lang='lat' dir='ltr'>circum·</span> 
     </span>
     <span class='ocr_line' id='line_1_22' title="bbox 244 2675 1208 2760; baseline 0.004 -24"><span class='ocrx_word' id='word_1_158' title='bbox 244 2677 363 2738; x_wconf 88' lang='lat' dir='ltr'>stantia</span> <span class='ocrx_word' id='word_1_159' title='bbox 386 2675 467 2739; x_wconf 86' lang='lat' dir='ltr'>finis.</span> <span class='ocrx_word' id='word_1_160' title='bbox 493 2678 537 2739; x_wconf 90' lang='lat' dir='ltr'>Et</span> <span class='ocrx_word' id='word_1_161' title='bbox 560 2678 637 2759; x_wconf 89' lang='lat' dir='ltr'>quia</span> <span class='ocrx_word' id='word_1_162' title='bbox 660 2678 813 2740; x_wconf 88' lang='lat' dir='ltr'>voluntas</span> <span class='ocrx_word' id='word_1_163' title='bbox 836 2687 946 2740; x_wconf 90' lang='lat' dir='ltr'>nostra</span> <span class='ocrx_word' id='word_1_164' title='bbox 970 2699 1035 2741; x_wconf 94' lang='lat' dir='ltr'>non</span> <span class='ocrx_word' id='word_1_165' title='bbox 1058 2686 1107 2740; x_wconf 90' lang='lat' dir='ltr'>est</span> <span class='ocrx_word' id='word_1_166' title='bbox 1140 2699 1208 2760; x_wconf 89' lang='lat' dir='ltr'>per·</span> 
     </span>
     <span class='ocr_line' id='line_1_23' title="bbox 245 2781 1205 2865; baseline 0.003 -22"><span class='ocrx_word' id='word_1_167' title='bbox 245 2781 419 2846; x_wconf 84' lang='lat' dir='ltr'>sectissime</span> <span class='ocrx_word' id='word_1_168' title='bbox 442 2784 573 2865; x_wconf 88' lang='lat' dir='ltr'>alligata</span> <span class='ocrx_word' id='word_1_169' title='bbox 598 2785 713 2847; x_wconf 90' lang='lat' dir='ltr'>ultimo</span> <span class='ocrx_word' id='word_1_170' title='bbox 737 2783 792 2847; x_wconf 88' lang='lat' dir='ltr'>fini</span> <span class='ocrx_word' id='word_1_171' title='bbox 825 2785 905 2847; x_wconf 92' lang='lat' dir='ltr'>dum</span> <span class='ocrx_word' id='word_1_172' title='bbox 936 2805 1050 2847; x_wconf 88' lang='lat' dir='ltr'>sumus</span> <span class='ocrx_word' id='word_1_173' title='bbox 1080 2785 1111 2847; x_wconf 90' lang='lat' dir='ltr'>in</span> <span class='ocrx_word' id='word_1_174' title='bbox 1137 2787 1205 2855; x_wconf 88' lang='lat' dir='ltr'>via;</span> 
     </span>
     <span class='ocr_line' id='line_1_24' title="bbox 243 2889 1207 2971; baseline 0.002 -21"><span class='ocrx_word' id='word_1_175' title='bbox 243 2889 317 2950; x_wconf 87' lang='lat' dir='ltr'>ideo</span> <span class='ocrx_word' id='word_1_176' title='bbox 341 2890 547 2971; x_wconf 86' lang='lat' dir='ltr'>requiruntur</span> <span class='ocrx_word' id='word_1_177' title='bbox 572 2893 675 2954; x_wconf 85' lang='lat' dir='ltr'>multa</span> <span class='ocrx_word' id='word_1_178' title='bbox 698 2891 740 2954; x_wconf 90' lang='lat' dir='ltr'>ad</span> <span class='ocrx_word' id='word_1_179' title='bbox 766 2891 1027 2954; x_wconf 83' lang='lat' dir='ltr'>conformitatem</span> <span class='ocrx_word' id='word_1_180' title='bbox 1059 2892 1143 2953; x_wconf 90' lang='lat' dir='ltr'>illius</span> <span class='ocrx_word' id='word_1_181' title='bbox 1174 2890 1207 2952; x_wconf 83' lang='lat' dir='ltr'>fi-</span> 
     </span>
     <span class='ocr_line' id='line_1_25' title="bbox 244 2996 1207 3080; baseline 0.003 -24"><span class='ocrx_word' id='word_1_182' title='bbox 244 2996 293 3057; x_wconf 89' lang='lat' dir='ltr'>nis</span> <span class='ocrx_word' id='word_1_183' title='bbox 316 2997 373 3077; x_wconf 88' lang='lat' dir='ltr'>qni</span> <span class='ocrx_word' id='word_1_184' title='bbox 396 3008 444 3058; x_wconf 90' lang='lat' dir='ltr'>est</span> <span class='ocrx_word' id='word_1_185' title='bbox 469 2997 583 3078; x_wconf 88' lang='lat' dir='ltr'>Alpha</span> <span class='ocrx_word' id='word_1_186' title='bbox 606 3007 638 3060; x_wconf 93' lang='lat' dir='ltr'>et</span> <span class='ocrx_word' id='word_1_187' title='bbox 668 2997 808 3080; x_wconf 83' lang='lat' dir='ltr'>Omega,</span> <span class='ocrx_word' id='word_1_188' title='bbox 841 2998 1034 3080; x_wconf 90' lang='lat' dir='ltr'>principium</span> <span class='ocrx_word' id='word_1_189' title='bbox 1064 3008 1098 3060; x_wconf 91' lang='lat' dir='ltr'>et</span> <span class='ocrx_word' id='word_1_190' title='bbox 1121 2997 1207 3067; x_wconf 85' lang='lat' dir='ltr'>finis,</span> 
     </span>
     <span class='ocr_line' id='line_1_26' title="bbox 243 3102 1155 3186; baseline 0.003 -23"><span class='ocrx_word' id='word_1_191' title='bbox 243 3102 303 3183; x_wconf 89' lang='lat' dir='ltr'>ipsi</span> <span class='ocrx_word' id='word_1_192' title='bbox 329 3103 398 3164; x_wconf 89' lang='lat' dir='ltr'>laus</span> <span class='ocrx_word' id='word_1_193' title='bbox 421 3114 453 3165; x_wconf 88' lang='lat' dir='ltr'>et</span> <span class='ocrx_word' id='word_1_194' title='bbox 478 3104 579 3185; x_wconf 86' lang='lat' dir='ltr'>gloria</span> <span class='ocrx_word' id='word_1_195' title='bbox 603 3105 634 3167; x_wconf 96' lang='lat' dir='ltr'>in</span> <span class='ocrx_word' id='word_1_196' title='bbox 659 3105 856 3186; x_wconf 86' lang='lat' dir='ltr'>sempiterna</span> <span class='ocrx_word' id='word_1_197' title='bbox 879 3105 1006 3168; x_wconf 85' lang='lat' dir='ltr'>saecula.</span> <span class='ocrx_word' id='word_1_198' title='bbox 1033 3105 1155 3167; x_wconf 85' lang='lat' dir='ltr'>Amen.</span> 
     </span>
    </p>
   </div>
   <div class='ocr_carea' id='block_1_8' title="bbox 511 3317 934 3401">
    <p class='ocr_par' dir='ltr' id='par_1_9' title="bbox 511 3317 934 3401">
     <span class='ocr_line' id='line_1_27' title="bbox 511 3317 934 3401; baseline 0.005 -23"><span class='ocrx_word' id='word_1_199' title='bbox 511 3317 656 3399; x_wconf 87' lang='lat' dir='ltr'>Explicit</span> <span class='ocrx_word' id='word_1_200' title='bbox 681 3318 778 3380; x_wconf 91' lang='lat' dir='ltr'>Liber</span> <span class='ocrx_word' id='word_1_201' title='bbox 801 3319 934 3401; x_wconf 86' lang='lat' dir='ltr'>primus.</span> 
     </span>
    </p>
   </div>
   <div class='ocr_carea' id='block_1_9' title="bbox 0 0 1346 4209">
    <p class='ocr_par' dir='ltr' id='par_1_10' title="bbox 0 0 1346 4209">
     <span class='ocr_line' id='line_1_28' title="bbox 0 0 1346 4209; baseline 0 1"><span class='ocrx_word' id='word_1_202' title='bbox 0 0 1346 4209; x_wconf 95' lang='lat' dir='ltr'> </span> 
     </span>
    </p>
   </div>
  </div>
 </body>
</html>
