2684 4209
409 259 596 325 Drsrrucr.
621 259 683 322 XII
708 258 910 341 Qunsr.11
1080 278 1141 340 203

273 464 392 527 Ultimo
415 465 477 527 sic:
503 462 647 545 Quando
669 466 878 547 suppositum
906 464 1031 547 absque
1054 466 1173 528 ordine·

201 570 416 633 indifferenter
441 570 569 653 respicit
592 571 701 653 plures
723 581 825 645 actus,
850 581 958 654 potest
990 592 1093 637 unum
1117 592 1171 634 eo

200 696 274 739 rurn
298 696 419 758 ponere
442 677 543 739 altero
567 698 632 740 non
656 679 773 760 posit0‚
798 688 831 740 et
854 699 872 739 e
894 698 1062 741 converso.
1098 680 1167 741 Ex-

200 784 363 864 emplum:
387 783 489 845 homo
512 783 728 847 indifferenter
752 806 786 847 se
809 784 908 847 habet
936 785 978 846 ad
1001 786 1112 849 videre
1134 795 1167 847 et

201 891 321 964 audire,
345 890 418 952 ideo
442 899 550 971 potest
572 890 684 953 videre
706 912 772 953 non
796 891 970 965 audiend0,
999 900 1032 955 et
1054 892 1173 955 audire·

202 1018 267 1061 non
292 996 449 1071 vidend0;
474 1018 554 1080 ergo
585 998 609 1059 si
634 998 729 1060 Pater
760 998 827 1060 sine
851 997 964 1061 ordine
994 999 1122 1080 respicit
1147 999 1172 1059 i·

201 1114 266 1167 stas
289 1105 520 1185 productiones
543 1114 650 1185 potest
682 1126 803 1186 ponere
827 1124 937 1178 unam,
969 1105 1069 1169 altera
1101 1125 1166 1167 non

202 1211 317 1292 posita,
341 1212 434 1274 etsie
451 1219 558 1293 potest
581 1213 703 1293 spirare
719 1211 877 1293 Spiritum
903 1211 1072 1285 Sanctum,
1089 1213 1171 1274 dato

202 1318 291 1399 quod
316 1338 381 1380 non
406 1326 538 1400 generet
563 1318 694 1381 Filium.

271 1424 339 1487 Sed
359 1425 450 1488 istud
469 1436 701 1507 argumentum
725 1425 872 1506 implicat
895 1424 1034 1487 dubium
1063 1445 1167 1486 unum

203 1552 268 1594 non
286 1532 614 1613 praetermittendum,
639 1532 759 1595 scilicet
783 1532 808 1593 si
825 1532 920 1593 Pater
943 1551 1009 1592 non
1034 1550 1167 1617 genera-

203 1648 251 1700 ret
275 1638 405 1712 Filium,
431 1646 542 1700 utrum
565 1647 675 1720 posset
699 1638 878 1720 producere
903 1636 1060 1719 Spiritum
1089 1637 1170 1701 San-

203 1750 316 1808 ctum?
341 1744 385 1807 Et
409 1745 522 1809 dicunt
545 1745 645 1826 aliqui
669 1746 760 1827 quod
784 1745 839 1807 sic.

268 1852 384 1914 Primo
407 1851 484 1934 quia
507 1853 601 1914 Pater
625 1861 673 1915 est
696 1851 892 1935 principium
915 1851 1017 1914 totius
1039 1850 1174 1913 deitatis·

202 1960 302 2022 etita
334 1958 432 2021 habet
455 1979 587 2021 omnem
620 1958 868 2021 foecunditatem
891 1958 980 2040 apud
1011 1977 1059 2032 se;
1087 1978 1174 2040 ergo

202 2066 447 2147 circumscripto
471 2066 554 2129 Filio
578 2076 687 2149 potest
710 2066 890 2148 producere
913 2064 1071 2147 Spiritum
1090 2066 1170 2129 San-

203 2182 304 2235 ctum.
328 2208 372 2219 —
394 2172 568 2245 Proeterea,
596 2193 661 2235 non
690 2182 767 2235 sunt
791 2173 896 2254 magis
927 2173 1052 2236 indivisi
1076 2182 1174 2235 actus

202 2279 345 2353 secundi,
369 2287 529 2360 quantum
554 2278 595 2340 ad
626 2278 909 2360 separabilitatem,
941 2300 1042 2361 quarn
1074 2288 1167 2342 actus

204 2386 315 2469 primi3
340 2386 396 2448 sed
420 2394 512 2448 actus
536 2385 632 2467 primi
657 2386 689 2447 in
713 2385 818 2459 Patre,
843 2394 923 2467 puta
946 2406 1016 2449 esse
1047 2386 1172 2468 ingeni·

203 2502 285 2567 turn,
309 2512 378 2555 esse
394 2500 531 2573 patrem,
548 2501 686 2574 possunt
701 2492 841 2575 separari
857 2511 915 2573 per
938 2492 1166 2575 Augustinum

203 2617 256 2683 15.
280 2600 319 2662 de
348 2599 438 2662 Trin.
462 2598 517 2680 qui
541 2599 619 2662 dicit
649 2599 738 2680 quod
763 2598 789 2660 si
822 2599 917 2661 Pater
948 2619 1014 2661 non
1039 2598 1171 2681 genuis-

203 2715 251 2769 set
275 2704 405 2780 Filium,
430 2705 507 2768 nihil
532 2705 718 2787 prohiberet
741 2705 849 2787 ipsum
874 2705 1057 2787 ingenitum
1088 2725 1174 2780 esse‚.

202 2833 283 2895 ergo
305 2811 450 2875 similiter
473 2812 505 2873 in
530 2812 597 2875 istis
620 2811 746 2875 actibus
777 2812 926 2875 secundis
957 2812 1077 2895 poterit
1100 2834 1176 2875 esse·

202 2920 324 3002 spirare
347 2920 415 2982 sine
438 2938 601 3001 generare.

196 3050 198 3055 ·
271 3026 367 3089 Istud
387 3036 494 3089 tamen
511 3045 577 3087 non
601 3025 700 3111 credo
715 3045 785 3088 esse
800 3020 926 3099 verum,
949 3026 1028 3107 quia
1051 3024 1176 3087 ubine--

202 3142 257 3195 tus
286 3132 411 3214 primus
446 3126 625 3195 'necessario
656 3131 884 3215 praesupponit
919 3131 1019 3193 alium
1056 3140 1167 3194 actum

203 3239 357 3321 primum,
382 3238 559 3301 necessario
587 3248 636 3301 est
666 3259 782 3301 verum
813 3239 904 3321 quod
934 3248 1027 3300 actus
1058 3258 1176 3301 secun·-

201 3344 265 3408 dus
295 3346 522 3428 praesupponit
553 3354 664 3408 actum
696 3346 897 3409 secundum:
928 3345 986 3407 sed
1017 3344 1176 3407 voluntas

202 3450 359 3515 foecunda
382 3471 447 3515 non
479 3462 528 3515 est
550 3452 619 3515 sine
651 3452 814 3516 intellectu
848 3452 1015 3528 foecundo,
1041 3460 1077 3514 ut
1098 3451 1172 3531 jam1

202 3558 379 3641 probatum
395 3568 444 3622 est
453 3578 461 3637 ;
485 3580 565 3643 ergo
580 3559 702 3642 spirare
718 3580 783 3622 non
799 3569 848 3623 est
863 3559 932 3622 sine
947 3578 1111 3640 generare.
1124 3592 1167 3605 -

206 3662 431 3750 Confirmatur
452 3667 494 3729 ab
510 3666 588 3742 aliis,
612 3666 690 3749 quia
712 3666 795 3730 sicut
818 3665 900 3729 velle
915 3665 957 3729 ad
981 3664 1175 3747 intelligere,
