2684 4209
238 213 303 276 ²40
526 198 600 260 Ln.
626 199 640 261 1
664 198 958 265 saussnmnuu

214 413 264 467 tas
286 403 443 467 charitate
471 414 636 467 crescente
664 406 769 467 donec
803 404 943 469 charitas
972 407 1015 469 ad
1052 416 1183 471 tantam

215 511 475 595 magnitudinem
500 512 666 593 perveniat
686 532 753 594 qua
779 512 884 593 major
899 533 968 575 esse
984 534 1049 577 non
1067 514 1181 595 possit.

280 618 449 692 Praeterea,
463 618 674 700 Augustinus
690 636 734 701 ι]
748 620 788 681 dc
808 620 840 683 Τ
833 619 900 684 rin.
922 619 1015 684 dicit:
1030 620 1184 683 Christus

212 733 338 786 tantam
364 724 478 787 habuit
501 725 640 806 gratiam
656 736 815 807 quantam
831 727 940 808 potuit
956 727 1106 809 recipere.
1133 728 1181 790 Et

213 832 393 894 secundum
415 832 611 913 Magistrum
620 850 655 912 3.
673 832 778 905 Sena,
805 833 900 897 Deus
916 853 981 896 non
1006 834 1113 915 potuit
1137 835 1182 897 de

212 938 370 1001 charitate
393 938 466 1020 plus
489 939 549 1002 sibi
574 938 729 1002 conferre.
754 939 821 1004 Sed
843 940 868 1002 si
893 940 1032 1003 charitas
1067 950 1181 1022 posset

212 1046 324 1129 augeri
348 1045 380 1108 in
393 1044 566 1120 infinitum,
593 1045 742 1111 Christus
758 1048 918 1130 potuisset
933 1048 1091 1129 majorem
1108 1069 1182 1131 gra·

212 1152 292 1214 tiam
317 1153 503 1235 recipcreet
520 1154 612 1215 Deus
637 1153 794 1235 majorem
818 1153 974 1229 conferre,
992 1154 1050 1217 nisi
1074 1175 1181 1236 ponas

210 1258 303 1339 quod
326 1257 474 1323 Christus
498 1259 611 1321 habuit
634 1259 825 1323 charitatem
850 1259 1010 1324 infinitam
1035 1261 1067 1323 in
1090 1271 1178 1337 actu,

212 1364 303 1445 quod
327 1385 393 1427 non
417 1375 557 1428 tenetur.

257 1471 426 1546 Praeterea,
444 1470 694 1536 Commentator
713 1491 748 1553 3.
769 1472 871 1555 Pltys.
895 1473 974 1537 dicit
996 1474 1087 1556 quod
1109 1475 1180 1538 duo

212 1587 288 1640 sunt
312 1578 400 1641 modi
424 1579 710 1660 augmentationis,
734 1600 876 1661 quorum
906 1600 991 1643 unus
1013 1580 1104 1642 vadit
1134 1581 1177 1643 ad

212 1685 402 1766 potentiam,
427 1686 508 1748 alius
524 1687 566 1748 ad
590 1696 714 1749 actum.
740 1686 785 1749 Et
800 1686 913 1749 subdit
935 1687 1026 1768 quod
1042 1686 1074 1748 in
1098 1706 1179 1769 aug-

213 1792 412 1855 mentatione
434 1812 509 1875 quae
532 1793 625 1855 vadit
647 1794 690 1855 ad
722 1802 832 1856 actum
861 1802 1022 1874 quantum
1050 1793 1178 1855 contin·

213 1898 262 1981 git
284 1898 430 1980 accipere
454 1900 494 1961 de
517 1900 663 1981 potentia
680 1900 841 1981 contingit
856 1900 1003 1981 accipere
1025 1900 1067 1961 de
1088 1907 1177 1980 actu,

211 2004 277 2069 Sed
293 2005 325 2067 in
341 2006 609 2088 augmentatione
625 2006 789 2069 charitatis
805 2007 868 2069 itur
888 2007 932 2068 ad
947 2016 1068 2069 actum.
1082 2005 1179 2089 Ergo

211 2110 236 2173 si
260 2121 367 2194 potest
389 2112 528 2175 charitas
551 2134 693 2176 crescere
716 2113 747 2175 in
766 2111 928 2175 infinitum
944 2112 1104 2195 contingit
1126 2132 1180 2175 ac·

210 2217 316 2299 cipere
339 2218 531 2282 charitatem
555 2229 699 2283 creatam
723 2218 883 2281 infinitam
908 2219 940 2281 in
964 2228 1050 2294 actu,
1085 2220 1179 2301 quod

209 2325 430 2387 communiter
454 2346 519 2388 non
544 2335 684 2389 tenetur.

277 2432 355 2495 Ideo
378 2432 445 2513 ipse
469 2432 575 2496 Varro
599 2434 656 2495 dat
689 2434 786 2496 aliam
815 2433 914 2506 viam,
938 2432 1058 2496 scilicet
1085 2432 1177 2514 quod

207 2538 434 2621 augmentatio
461 2549 570 2621 potest
592 2538 659 2602 fieri
682 2541 733 2603 vel
757 2541 940 2603 secundum
963 2548 1072 2621 partes
1094 2538 1178 2619 ejus

208 2645 286 2708 dem
309 2645 515 2727 quantitatis,
538 2646 589 2708 vel
613 2647 793 2710 secundum
807 2655 916 2729 partes
931 2646 1078 2727 ejusdem
1096 2656 1176 2727 pro-

206 2752 377 2833 portionis.
402 2751 512 2815 Primo
529 2753 629 2815 modo
653 2752 792 2815 charitas
815 2773 881 2816 non
904 2762 1045 2834 augetur
1072 2750 1105 2815 in
1128 2752 1176 2815 in·

210 2856 351 2932 finitum,
369 2858 425 2921 sed
441 2859 584 2921 secundo
596 2860 711 2934 modo,
725 2880 853 2942 semper
869 2869 979 2922 tamen
998 2868 1173 2941 acceptum

208 2974 257 3027 est
280 2962 423 3027 finitum:
448 2965 532 3028 sicut
546 2965 571 3028 si
595 2966 795 3048 accipiantur
815 2967 891 3029 duae
917 2965 1009 3027 lineae
1032 2985 1174 3046 quarum

209 3091 274 3133 una
298 3070 355 3133 vix
378 3080 461 3133 esset
484 3081 625 3155 quatuor
653 3072 786 3154 pedum,
809 3083 843 3135 et
865 3072 927 3135 alia
957 3092 1018 3135 sex
1039 3071 1175 3154 pedum.

275 3175 309 3240 Si
323 3177 383 3240 ista
395 3178 539 3240 secunda
552 3178 725 3241 adderetur
744 3178 860 3260 primae
872 3178 1053 3241 secundum
1066 3186 1176 3259 partes

208 3282 355 3364 ejusdem
380 3284 577 3365 quantitatis
600 3306 666 3348 non
690 3294 864 3366 augeretur
876 3284 908 3347 in
929 3282 1103 3358 infinitum,
1116 3284 1176 3346 sed

208 3388 233 3451 si
256 3390 430 3453 adderetur
453 3392 633 3454 secundum
659 3400 768 3473 partes
779 3391 927 3473 ejusdem
944 3388 1175 3473 proportionis,

208 3495 279 3559 talis
291 3497 516 3580 augmentatio
532 3498 591 3561 iret
607 3497 639 3561 in
655 3496 833 3576 infinitum;
846 3518 976 3580 semper
990 3506 1101 3559 tamen
1122 3516 1174 3559 ac-

207 3610 340 3685 ceptum
364 3612 446 3667 esset
469 3602 609 3681 finitum,
633 3604 711 3688 quia
735 3604 788 3667 illa
796 3603 903 3667 finitas
925 3611 1009 3667 esset
1030 3602 1063 3666 in
1094 3611 1173 3665 actu
