2684 4209
386 250 573 315 Discrucr.
599 250 665 313 XX
690 232 878 333 Quom]
1044 262 1108 330 255

165 454 366 537 productum
390 454 489 519 habet
504 455 665 539 aequalem
682 454 836 518 virtutem
853 475 930 518 cum
953 454 1134 537 producen-

164 570 210 637 te,
234 570 313 625 tunc
336 562 455 645 poterit
477 562 657 644 producere
680 562 768 625 aliud
791 562 875 625 sicut
896 570 931 625 et
953 561 1061 644 ipsum
1082 570 1134 625 est

169 668 380 751 productum,
404 678 444 759 et¹
459 669 505 733 sic
520 668 552 732 in
576 667 741 732 infinitum

239 773 368 840 Contra.
393 775 603 858 Augustinus
625 776 661 839 in
678 774 750 841 Lib.
766 775 806 838 de
828 774 910 837 Fide
928 774 977 837 ad
996 774 1133 838 Petrum

167 882 304 964 loquens
327 883 368 946 de
391 883 495 946 tribus
518 882 674 965 personis,
699 882 815 956 nullus,
833 882 948 964 inquit,
965 879 1083 943 horum
1100 901 1133 944 a·
1163 946 1171 959 ‚

169 988 247 1052 lium
271 989 427 1071 praecedit
449 989 629 1053 aetemitate
651 997 710 1052 aut
732 998 864 1071 superat
887 996 1059 1070 potestate.

236 1095 474 1160 Cmcsismu
487 1082 1049 1172 Qumsmoucusunttriavidenda„
1058 1092 1133 1156 Pri-

163 1222 229 1275 mo,
257 1222 298 1265 ne
321 1202 506 1265 laboremus
529 1202 562 1265 in
577 1202 759 1284 aequivoco,
783 1201 915 1284 ponitur
937 1221 1002 1264 una
1022 1200 1134 1263 distin-

162 1310 233 1373 ctio
256 1310 297 1372 de
319 1308 474 1392 potentia„
489 1308 643 1383 Secundo,
668 1308 830 1371 videbitur
852 1308 878 1371 si
894 1327 1043 1390 persona:
1061 1306 1126 1370 sint

161 1417 308 1499 aequales
331 1416 363 1480 in
387 1416 542 1498 potentia.
559 1414 686 1490 ,Tertio
721 1415 764 1478 ad
787 1413 867 1497 quid
905 1434 940 1477 se
975 1413 1125 1477 extendit

164 1523 219 1586 illa
242 1524 388 1606 potentia
411 1522 444 1586 in
467 1543 533 1605 qua
556 1532 631 1587 sunt
654 1523 805 1605 aequales.

233 1736 297 1803 De
312 1736 478 1821 primo,
496 1734 713 1817 Philosophus
728 1753 760 1817 9.
776 1731 924 1815 Metaph.
945 1732 1130 1815 dicitquod

161 1844 310 1927 potentia
333 1843 471 1913 sumitur
496 1840 723 1924 multipliciter,
739 1841 816 1923 quia
826 1841 937 1923 primo
952 1850 1001 1903 est
1018 1850 1131 1923 poten-

163 1950 209 2013 tia
232 1948 464 2013 mathematica
487 1949 569 2011 sicut
592 1948 624 2011 in
641 1948 820 2031 geometria
846 1945 1066 2010 mathematici
1082 1947 1130 2010 di-

161 2063 253 2131 cunt,
278 2064 438 2139 punctum
461 2065 590 2120 tantum
614 2076 684 2118 esse
705 2054 738 2117 in
762 2054 907 2137 potentia
922 2054 964 2117 ad
993 2053 1128 2117 lineam:

162 2164 300 2227 secundo
323 2172 372 2226 est
395 2162 540 2245 potentia
556 2163 663 2245 logica
678 2182 754 2244 quae
770 2161 849 2225 dicit
865 2181 930 2223 non
947 2181 1129 2243 repugnan-

162 2270 243 2333 tiam
266 2270 494 2333 terminorum:
519 2268 612 2332 tertio
634 2278 684 2331 est
706 2268 853 2351 potentia
875 2287 951 2350 quae
964 2275 1013 2330 est
1024 2267 1128 2349 disse·

162 2377 270 2440 rentia
292 2377 377 2440 entis
399 2376 482 2439 sicut
505 2376 597 2459 ponit
621 2374 838 2457 Philosophus
857 2392 892 2454 5.
916 2372 1018 2455 Phys.
1037 2374 1128 2455 quod

161 2504 222 2546 ens
244 2484 398 2546 dividitur
421 2504 478 2565 per
500 2492 611 2545 actum
634 2492 667 2544 et
691 2482 880 2563 potentiam,
905 2490 938 2543 et
971 2480 1022 2543 isti
1060 2490 1125 2543 tres

163 2589 253 2653 modi
277 2610 343 2653 non
367 2589 488 2652 faciunt
511 2590 553 2651 ad
577 2588 796 2671 propositum:
820 2595 936 2670 quarto
957 2588 1049 2649 modo
1072 2608 1125 2649 su—

74 2722 80 2733 ·
163 2697 262 2759 mitur
290 2696 435 2778 potentia
466 2716 525 2777 pro
556 2695 730 2776 principio,
772 2704 806 2757 et
844 2694 907 2756 hoc
945 2694 1127 2774 dupliciter,

160 2803 240 2885 quia
263 2823 329 2865 uno
354 2802 454 2866 modo
477 2802 615 2865 sumitur
639 2822 700 2883 pro
723 2802 881 2884 principio
906 2802 1051 2883 passivo,
1094 2809 1127 2862 et

162 2910 223 2971 ista
246 2908 392 2991 potentia
415 2929 480 2971 non
504 2918 552 2971 est
575 2909 728 2990 ponenda
751 2908 783 2970 in
813 2908 895 2982 De0,
935 2908 1011 2989 quia
1050 2907 1128 2969 dicit

161 3015 454 3098 imperfectionem:
488 3016 632 3078 secundo
672 3015 773 3077 modo
807 3014 945 3077 sumitur
982 3014 1127 3096 potentia

166 3144 227 3205 pro
249 3122 408 3205 principio
431 3123 538 3185 activo
561 3131 593 3184 et
633 3124 674 3184 de
712 3122 772 3183 ista
810 3122 955 3203 potentia
993 3131 1041 3183 est
1075 3120 1128 3183 hic

161 3248 280 3291 sermo.

230 3442 293 3508 Be
316 3442 507 3509 seeundo
534 3440 736 3507 Artz'oulo
759 3441 832 3503 dico
867 3441 948 3503 duas
987 3440 1127 3504 Conclu-

160 3549 275 3611 siones
300 3550 420 3633 Prima
444 3550 561 3631 probat
584 3549 675 3630 quod
699 3549 730 3611 in
756 3549 828 3611 Deo
844 3556 892 3611 est
907 3547 1053 3629 potentia
1077 3568 1127 3609 ac-

159 3655 237 3717 tiva.
263 3655 412 3719 Secunda
436 3658 526 3738 quod
550 3676 697 3739 personas
722 3656 841 3719 divinae
872 3662 949 3716 sunt
984 3654 1127 3737 aequales

163 3762 197 3825 in
220 3762 281 3825 ista
304 3762 459 3845 potentia.
