2684 4209
239 262 302 327 ²52
482 249 555 313 Lus.
580 250 595 312 Ι
620 249 914 314 Saunsumnun

1125 370 1181 381 ¹—-

209 474 270 519 rae.
295 452 340 515 Et
362 452 436 516 ideo
459 453 536 517 dicit
559 454 650 535 quod
678 453 760 517 ratio
776 453 867 517 istius
888 454 1104 519 inexistentia:
1127 438 1177 519 est

211 560 351 623 essentia
374 570 408 622 et
431 560 542 622 relatio
565 560 672 635 simul,
696 560 774 643 quia
797 560 881 623 sicut
910 560 1075 624 distinctio
1106 584 1176 645 per·

209 688 304 731 sonae
328 687 394 730 non
417 666 534 730 fundat
556 666 802 730 similitudinem
825 687 882 749 per
905 688 949 743 se,
974 668 1019 731 ita
1038 671 1178 732 essentia

210 794 292 837 cum
316 773 470 837 relatione
493 782 541 836 est
565 773 646 835 ratio
670 773 761 836 istius
777 774 1006 849 inexistentia,
1029 777 1179 858 quamvis

209 881 354 944 essentia
378 881 418 943 sit
441 880 650 963 principalior
674 880 766 943 ratio.

286 982 405 1053 Tertio
427 983 602 1072 declarat,
619 987 644 1049 si
669 988 728 1049 iste
745 987 864 1050 modus
875 988 1003 1051 essendi
1022 988 1058 1051 in
1076 990 1178 1071 possit

217 1093 326 1156 reduci
343 1094 384 1155 ad
400 1094 541 1175 aliquem
559 1094 687 1155 illorum
702 1094 877 1156 modorum
893 1094 1022 1157 essendi
1044 1095 1080 1157 in
1096 1114 1180 1177 quos

213 1201 310 1283 ponit
333 1199 551 1282 Philosophus
573 1218 605 1283 4.
630 1200 743 1281 Phys„
767 1209 800 1263 et
815 1200 895 1263 dicit
910 1202 1001 1282 quod
1018 1222 1096 1264 non.
1114 1202 1179 1265 Cu·

208 1308 268 1388 jus
291 1307 372 1369 ratio
396 1316 444 1368 est
467 1306 543 1388 quia
559 1306 591 1368 in
608 1306 760 1368 omnibus
776 1306 845 1369 aliis
862 1308 967 1370 modis
989 1306 1117 1370 essendi
1131 1307 1179 1381 in,

216 1422 266 1476 est
288 1414 397 1494 aliqua
427 1412 590 1475 distinctio
614 1412 646 1474 in
679 1422 796 1475 natura
819 1413 869 1475 vel
901 1414 1009 1476 totalis
1033 1415 1084 1476 vel
1108 1436 1179 1497 par·

217 1520 309 1582 tialis
336 1518 400 1583 Sed
424 1520 456 1581 in
476 1528 598 1581 'natura
615 1519 726 1581 divina
742 1520 830 1582 nulla
852 1529 901 1582 est
916 1520 989 1582 talis
1004 1520 1177 1584 distinctio.

219 1626 309 1709 Ergo
333 1626 385 1687 illa
398 1624 603 1688 inexistentia
619 1646 684 1688 non
703 1626 865 1688 reducitur
889 1626 932 1688 ad
947 1626 1089 1709 aliquem
1106 1628 1181 1691 isto

216 1754 291 1794 rum
317 1732 504 1795 modorum.

285 1839 343 1901 Ad
363 1848 595 1921 argumentum
628 1849 738 1901 autem
769 1840 931 1920 opinionis
951 1842 1174 1922 precedentis

216 1946 351 2029 quando
363 1946 481 2008 dicitur
498 1946 625 2027 quodsi
643 1946 764 2027 aliquid
777 1946 934 2028 competit
949 1947 1044 2009 alicui
1061 1948 1178 2030 prim0,

212 2053 375 2133 competit
391 2053 521 2114 cuilibet
534 2052 604 2132 ejus
628 2052 711 2133 parti
724 2074 818 2134 aeque
835 2054 950 2134 primo,
974 2064 1064 2135 patet
1087 2056 1177 2136 quod

220 2159 281 2221 hoc
305 2158 420 2221 falsum
445 2169 502 2233 est,
528 2159 604 2240 quia
635 2179 704 2221 esse
727 2159 843 2221 risibile
863 2160 1020 2241 competit
1055 2160 1179 2223 homini

220 2265 334 2346 primo,
359 2274 391 2327 et
419 2274 618 2327 tamennon
651 2266 808 2347 competit
839 2266 970 2328 cuilibet
994 2266 1063 2346 ejus
1096 2268 1178 2348 parti

213 2394 313 2453 saeque
338 2372 454 2452 primo,

285 2480 342 2540 nn
362 2478 535 2539 secnndrnn
561 2478 604 2539 ita
629 2487 737 2559 posset
767 2479 860 2560 argui
892 2488 1006 2541 contra
1036 2500 1115 2541 eum
1140 2481 1180 2541 de

215 2585 415 2647 continentia
439 2585 561 2645 ratione
585 2584 701 2665 partis;
726 2585 782 2646 sed
806 2586 879 2647 dico
907 2586 997 2666 quod
1029 2586 1179 2647 inconve-

219 2692 309 2753 niens
332 2702 380 2753 cst
403 2691 489 2752 idem
514 2692 678 2753 continere
709 2700 740 2753 et
776 2692 932 2753 contineri
956 2693 1012 2773 qui
1040 2702 1088 2753 est
1124 2714 1180 2774 per

221 2800 356 2860 modum
385 2798 509 2859 essendi
534 2798 568 2859 in
593 2819 650 2878 per
682 2796 953 2862 informationem.
980 2797 1033 2862 Sic
1068 2810 1178 2861 autem

217 2906 284 2966 'non
314 2904 444 2985 ponitur
473 2925 537 2966 una
572 2924 710 2984 persona
734 2904 765 2965 in
801 2904 871 2977 alia,
896 2905 971 2985 quia
995 2914 1031 2966 ut
1054 2906 1178 2967 dictum

219 3022 276 3083 est,
301 3012 359 3073 iste
381 3012 497 3073 modus
514 3011 637 3072 essendi
664 3011 699 3072 in
717 3031 782 3072 non
800 3011 962 3073 reducitur
979 3012 1021 3073 ad
1037 3011 1179 3093 aliquem

219 3118 355 3180 istorum
381 3119 555 3179 modorum
568 3139 651 3199 quos
675 3117 768 3198 ponit
784 3117 1001 3199 Philosophus
1012 3139 1045 3202 4.
1066 3118 1179 3200 Phys„

218 3235 251 3287 et
282 3226 326 3287 sic
350 3234 438 3307 patet
463 3226 505 3286 ad
532 3224 768 3304 Quaestionem.

286 3438 346 3499 Ao
371 3450 514 3498 PRIMUM
540 3450 756 3499 nnrncrpncn
780 3438 853 3500 dico
876 3440 966 3521 quod
991 3460 1057 3502 non
1078 3440 1180 3522 sequi-

216 3552 271 3603 tur
295 3542 440 3605 confusio
457 3544 488 3604 in
513 3544 666 3623 personis,
691 3544 768 3625 quia
791 3544 860 3625 ipse
883 3546 1026 3628 ponebat
1056 3547 1182 3628 quodli-

215 3650 273 3711 bet
297 3670 365 3711 esse
389 3650 419 3711 in
443 3650 588 3730 quolibet
612 3650 694 3712 sicut
710 3673 784 3733 pars
807 3651 887 3732 ejus,
911 3662 943 3713 ct
959 3654 1048 3734 quod
1074 3654 1178 3735 quod-
