2684 4209
303 282 491 355 osi-mer.
515 282 665 347 xxxvl
690 280 835 365 Qun-sn
861 285 875 346 1
1013 265 1074 363 363

202 489 261 552 Ad
279 498 510 573 argumentum
533 488 704 553 contrariae
728 489 888 573 opinionis
903 491 981 554 dico
1007 493 1097 574 quod

133 616 312 659 commune
335 597 636 680 repraesentativum
648 606 697 659 est
711 597 845 679 duplex,
865 596 984 687 scilicet
1006 618 1098 663 com·

136 704 296 766 munitate
313 703 561 785 predicationis
582 713 615 767 et
638 703 874 768 communitate
880 704 1101 786 perfectionis.

136 810 455 892 Repraesentativum
467 820 577 874 autem
589 830 766 874 commune
778 810 1013 873 communitate
1021 832 1109 894 prae-·

134 912 305 980 dicationis
333 937 398 979 non
438 926 647 999 repraesentat
675 916 838 991 distincte,
863 917 1099 1000 repraesentati-

135 1045 217 1087 vum
240 1032 351 1087 autem
375 1043 552 1087 commune
574 1024 810 1087 communitate
834 1021 1099 1106 perfectionisre-

135 1139 313 1214 praesentat
334 1130 485 1193 distincte
507 1150 545 1192 ea
560 1151 636 1212 quae
649 1130 802 1194 continet.
817 1130 967 1193 Essentia
983 1140 1093 1193 autem

136 1237 247 1301 divina
270 1235 369 1300 habet
391 1237 661 1300 communitatem
687 1235 898 1319 perfectionis,
938 1236 1011 1300 ideo
1046 1258 1100 1300 re--
1135 1244 1141 1255 '

136 1353 314 1427 praesentat
337 1344 489 1407 distincte
512 1344 583 1406 alia.

198 1448 256 1520 De
269 1448 434 1519 secundo
450 1449 593 1514 videndo
608 1450 641 1513 in
657 1450 719 1514 isto
735 1450 897 1525 Articulo,
918 1458 995 1512 sunt
1018 1452 1095 1513 duae

139 1558 320 1641 opiniones:

211 1665 285 1729 Una
308 1664 405 1739 scoti,
429 1665 520 1747 quod
543 1664 625 1726 ideae
649 1663 727 1726 nihil
751 1662 839 1726 aliud
861 1673 938 1727 sunt
964 1662 997 1726 in
1029 1663 1109 1726 Deo

140 1771 200 1835 nisi
220 1762 273 1835 ¹res
295 1770 455 1852 objective
478 1771 629 1854 cognitae.
655 1769 756 1852 Quod
768 1771 924 1853 probatur
940 1770 999 1833 sic:
1020 1768 1103 1832 Illud
1181 1822 1184 1829 .

139 1888 188 1942 est
204 1879 276 1941 idea
287 1879 319 1941 in
337 1878 410 1941 Deo
424 1879 467 1941 ad
479 1877 572 1958 cujus
583 1877 825 1941 similitudinem
842 1876 1033 1959 producitur
1054 1896 1112 1939 res

139 1995 244 2060 extra;
256 1986 314 2049 sed
330 2006 379 2047 res
404 1995 499 2048 extra
516 1985 707 2067 producitur
729 1985 771 2047 ad
788 1984 1030 2055 similitudinem
1056 1984 1097 2045 rei

140 2092 300 2176 cognitae;
335 2112 415 2175 ergo
443 2111 493 2155 res
527 2092 687 2173 objective
721 2092 862 2174 cognitae
903 2100 979 2155 sunt
1010 2091 1107 2153 ideae.

140 2199 296 2262 Probatio
319 2199 456 2262 minoris
482 2220 538 2280 per
574 2198 789 2265 ‚Aristotelem
825 2217 855 2282 7.
887 2196 1036 2279 Metaplr.
1047 2218 1102 2259 :a

140 2307 252 2380 domo,
277 2306 390 2389 inquit,
417 2306 449 2368 in
467 2316 575 2368 mente
591 2305 627 2367 fit
643 2306 762 2367 domus
778 2305 819 2367 ad
844 2315 946 2367 extra.
972 2304 1019 2367 Ibi
1050 2325 1111 2368 au-

139 2422 209 2475 tem
234 2433 298 2475 non
323 2412 479 2493 accipitur
502 2412 621 2474 domus
652 2432 711 2493 pro
746 2411 860 2493 specie,
885 2412 962 2494 quia
985 2410 1104 2473 ibidem

140 2519 290 2582 subditur
305 2520 396 2602 quod
412 2519 588 2581 univocum
605 2517 641 2579 fit
663 2518 706 2580 ab
730 2518 879 2591 univoco,
904 2518 1024 2600 species
1047 2536 1105 2579 au·

141 2635 209 2688 tem
235 2646 299 2688 non
322 2635 371 2689 est
395 2626 571 2687 univocum
595 2645 671 2687 cum
695 2625 805 2699 domo;
833 2644 913 2706 ergo
948 2623 991 2685 ibi
1026 2622 1104 2684 acci-

107 2721 111 2725 *
142 2733 231 2813 pitur
254 2732 372 2795 domus
395 2752 456 2815 pro
479 2731 608 2811 objecto
631 2731 775 2812 cognito,

211 2839 380 2911 Praeterea,
393 2859 432 2901 eo
445 2838 545 2899 modo
558 2837 719 2920 ponendae
736 2847 812 2900 sunt
827 2836 908 2899 ideae
925 2856 991 2917 quo
1013 2835 1110 2916 ponit.

143 2965 197 3007 eas
214 2945 439 3029 AugustinusJ
456 2945 512 3006 sed
529 2943 736 3026 Augustinus
749 2943 841 3025 ponit
856 2964 910 3005 eas
927 2951 961 3004 ut
978 2942 1105 3023 objecta

143 3051 287 3133 cognita
314 3072 403 3134 ergo.
435 3051 587 3113 Probatio
622 3050 768 3123 minoris,
804 3069 880 3112 nam
916 3049 983 3130 ipse
1014 3048 1107 3129 ponit

142 3178 198 3221 eas
214 3158 296 3221 sicut
311 3158 448 3240 exponit
470 3158 650 3229 Platonem,
675 3158 767 3219 Plato
790 3165 900 3218 autem
922 3155 1030 3236 posuit
1053 3175 1111 3216 eas

145 3264 177 3327 in
203 3273 311 3327 mente
334 3265 452 3337 divina,
476 3264 558 3326 sicut
582 3264 710 3343 objecta
738 3263 879 3344 cognita.

212 3372 380 3446 Praeterea,
394 3372 465 3433 idea
477 3380 525 3433 est
541 3371 619 3432 illud
636 3392 693 3452 per
709 3370 797 3451 quod
814 3367 931 3432 artifex
947 3368 978 3431 in
999 3377 1107 3430 mente

145 3498 179 3539 se
195 3477 295 3540 habet
309 3478 351 3541 ad
363 3476 546 3565 artificium
559 3478 615 3539 sed
637 3476 716 3539 illud
738 3486 787 3539 est
809 3475 975 3557 objectum
999 3476 1110 3556 cogni·

145 3594 218 3647 tum
233 3594 267 3648 et
283 3606 348 3649 non
364 3585 445 3648 ratio
457 3584 686 3666 cognoscendi;
699 3604 778 3665 ergo
791 3583 872 3645 ideae
893 3592 968 3645 sunt
980 3581 1107 3663 objecta

145 3692 288 3775 cognita.
