2684 4209
324 257 509 322 Drsrrucr.
536 259 632 322 XLV
657 258 802 340 Qunsr.
828 261 842 323 1
1010 279 1076 343 427

138 466 261 547 duplex
283 485 362 538 esse,
386 486 490 527 unum
514 465 709 546 inquantum
733 475 809 529 sunt
832 467 960 548 objecta
984 470 1100 552 cogni-

138 583 172 636 ta
188 595 208 635 a
224 574 297 635 Deo
309 573 351 634 ab
375 581 499 635 aeterno
508 593 515 647 ;
532 573 620 634 aliud
632 594 701 635 esse
714 573 835 635 habent
852 585 945 637 extra
969 576 1113 657 inquan-

138 690 209 742 tum
225 688 300 743 sunt
324 679 502 761 productae.
529 679 573 741 Et
596 680 641 741 sic
664 679 738 741 dico
762 681 843 742 duas
856 681 1099 746 Conclusiones.

204 783 346 855 Prz'nia
362 788 451 869 quod
469 789 560 848 Deus
583 787 762 849 necessario
778 797 810 849 et
834 788 876 849 ab
893 797 1016 851 aeterno
1031 791 1101 852 vult

138 904 300 956 creaturas
323 893 518 975 inquantum
546 902 621 955 sunt
656 893 785 973 objecta
820 895 961 976 cognita.
995 896 1100 976 Cujus

140 1001 220 1063 ratio
242 1010 300 1072 est,
324 1000 400 1082 quia
423 1001 538 1061 eadem
562 1000 750 1061 necessitate
773 1001 842 1062 vult
867 1002 957 1064 Deus
973 1013 1098 1064 creatu·

140 1129 189 1170 ras
213 1117 248 1168 ut
272 1107 436 1187 objectum
461 1106 641 1188 cognitum,
670 1127 736 1187 qua
761 1107 948 1170 necessitate
972 1109 1041 1170 vult
1066 1129 1100 1171 se

140 1213 279 1296 perfecte
313 1213 507 1295 intelligere;
532 1213 587 1274 sed
624 1215 716 1275 Deus
740 1213 781 1274 ab
813 1223 936 1276 aeterno
960 1215 1030 1277 vult
1068 1237 1102 1278 se

140 1320 280 1404 perfecte
303 1321 480 1402 intelligere
502 1339 601 1382 omne
629 1319 844 1401 intelligibile;
869 1341 949 1402 ergo
983 1323 1025 1383 ab
1057 1343 1099 1384 ae-

140 1438 232 1490 terno
255 1429 325 1490 vult
348 1436 510 1488 creaturas
534 1427 565 1488 in
589 1447 657 1488 esse
681 1427 823 1507 cognito.
848 1463 892 1474 -
916 1428 980 1490 Sed
1011 1427 1104 1490 dubi-

140 1557 195 1597 um
219 1545 267 1597 est
291 1534 342 1596 hic
359 1533 399 1594 de
424 1534 519 1606 ma10,
544 1533 714 1614 quomodo
734 1535 824 1596 Deus
841 1535 963 1596 malurn
980 1556 1102 1616 cogno·

140 1643 198 1704 scit
223 1651 258 1703 ut
282 1641 413 1722 ponitur
436 1639 602 1720 objectum
627 1641 808 1722 cognitum.
835 1639 878 1702 Et
914 1651 962 1702 est
997 1642 1104 1703 dicen-

140 1750 220 1811 dum
244 1748 333 1829 quod
357 1747 388 1808 in
415 1748 488 1809 Deo
512 1747 642 1828 ponitur
666 1747 790 1828 duplex
807 1747 930 1820 notitia,
949 1768 1013 1809 una
1028 1747 1104 1810 sirn-

141 1854 230 1937 plicis
252 1853 524 1936 apprehensionis,
556 1854 617 1915 alia
647 1854 904 1938 approbatiotris;
931 1855 1021 1916 Deus
1045 1876 1100 1916 au-

139 1972 205 2025 tem
238 1983 302 2023 non
334 1960 502 2042 cognoscit
534 1962 657 2022 malurn
698 1961 810 2022 notitia
841 1960 1096 2042 approbationis,

138 2069 195 2130 sed
219 2069 332 2130 notitia
355 2067 508 2148 simplicis
531 2067 806 2148 apprehensionis.
882 2046 885 2052 Δ

207 2171 381 2242 Secunda
409 2171 606 2241 Conclusio
630 2175 791 2255 estquod
816 2174 908 2235 Deus
932 2175 1001 2236 vult
1014 2195 1102 2237 crea-

139 2293 228 2344 turas
253 2291 289 2344 ut
311 2292 387 2344 sunt
410 2291 504 2342 extra
526 2281 753 2362 contingenter
770 2290 898 2342 tanturn
912 2291 944 2342 et
968 2301 1033 2343 non
1047 2301 1101 2343 ne-

140 2389 286 2450 cessario.
312 2388 414 2468 Cujus
438 2388 519 2449 ratio
542 2397 599 2458 est,
625 2387 700 2468 quia
725 2387 769 2448 sic
794 2388 884 2448 Deus
907 2388 978 2448 vult
1006 2387 1067 2448 alia
1083 2408 1110 2448 a.

139 2515 173 2557 se
199 2504 233 2556 ut
257 2495 379 2556 habent
401 2515 470 2556 esse
493 2503 597 2566 extra,
621 2505 653 2555 et
684 2494 853 2575 quomodo
886 2493 1036 2575 producit
1049 2515 1112 2568 ea,

140 2602 196 2663 sed
220 2601 371 2682 producit
394 2623 432 2662 ea
457 2600 700 2682 contingenter;
725 2621 803 2682 ergo
827 2601 898 2662 vult
921 2621 958 2661 ea
982 2601 1106 2662 contin-

140 2718 253 2790 genter
276 2719 309 2770 et
333 2728 397 2770 non
424 2707 611 2770 necessario

208 2921 268 2982 Ao
292 2934 435 2983 Puruuu
460 2933 690 2993 PRINCIPALE,
715 2921 891 3001 dicoquod
915 2919 998 2982 sicut
1022 2921 1105 2982 velle

138 3036 172 3090 et
195 3049 264 3090 esse
286 3028 350 3090 sint
374 3027 459 3089 idem
485 3027 516 3088 in
541 3029 614 3088 Deo
639 3027 774 3101 realiter,
792 3047 857 3089 non
886 3037 996 3089 tamen
1028 3037 1104 3090 sunt

139 3136 226 3197 idern
251 3134 436 3197 formaliter.
461 3134 522 3195 Vel
547 3134 727 3196 secundum
752 3134 841 3206 alios,
859 3134 1104 3214 distinguuntur

137 3243 319 3312 secundum
345 3241 514 3310 rationem,
538 3242 614 3322 quia
632 3261 737 3302 unum
750 3250 908 3303 connotat
924 3241 1111 3320 objectum,

138 3358 172 3411 et
194 3350 333 3410 alterum
358 3368 433 3409 non.

207 3457 266 3516 Ad
284 3456 459 3517 secundum
482 3455 658 3516 dicendum
698 3455 787 3536 quod
827 3455 934 3537 major
956 3463 1004 3516 est
1027 3475 1105 3516 vera

138 3563 171 3624 in
195 3563 369 3644 agentibus
392 3563 516 3634 creatis,
540 3571 589 3623 est
612 3571 723 3623 autern
748 3560 827 3623 falsa
851 3561 882 3624 in
897 3562 987 3639 Deo;
1012 3561 1113 3622 Deus

136 3668 227 3731 enirn
251 3668 321 3731 vult
344 3667 406 3729 alia
429 3689 448 3728 a
472 3688 506 3729 se
529 3677 565 3729 ut
588 3668 810 3730 communicet
832 3669 878 3730 eis
901 3689 993 3730 suam
1034 3687 1112 3748 per—
