2684 4209
262 274 450 337 D1sr1ncr.
475 272 591 336 XXIV
613 282 646 335 et
669 271 769 334 XXV
793 270 940 353 Quium.
964 269 979 331 Ι
1028 272 1092 349 287

151 480 289 561 alicujus
311 479 465 541 informat
488 500 601 541 omnes
625 488 741 561 partes,
766 477 823 541 sed
846 478 899 539 illa
932 476 1037 539 unitas
1068 476 1116 538 ul-

149 588 233 649 tima
256 606 321 649 non
346 585 499 649 informat
521 606 635 649 omnes
658 584 736 649 alias
760 584 900 648 unitates
931 604 1006 666 quae
1038 592 1113 645 sunt

151 703 261 776 partes
283 693 430 768 numeri,
462 715 525 755 non
560 693 696 756 secundo
720 693 811 756 modo
834 691 954 755 scilicet
977 691 1114 772 inquan-

150 808 225 862 tum
249 800 380 874 distanS,
405 800 482 882 quia
505 799 598 880 cujus
621 799 756 862 formale
787 798 1034 862 constitutivum
1065 806 1114 860 est
1219 800 1223 807 '

150 907 274 980 relatio,
298 906 406 988 ipsum
430 907 644 969 constitutum
680 906 739 969 erit
768 905 956 979 relativum;
988 904 1044 967 sed
1072 904 1116 966 di·

151 1014 271 1076 stantia
293 1022 342 1075 est
365 1012 493 1087 relatio;
517 1034 597 1095 ergo
620 1014 645 1075 si
670 1013 776 1076 unitas
799 1022 848 1074 est
871 1032 969 1074 causa
990 1010 1116 1073 numeri

151 1121 348 1201 inquantum
372 1119 504 1193 distans,
528 1129 607 1181 tunc
630 1140 785 1181 numerus
812 1120 872 1181 erit
896 1118 927 1180 in
960 1118 1115 1198 praedica-

153 1236 267 1289 mento
290 1226 460 1301 relationis,
484 1227 575 1308 quod
604 1235 653 1288 est
683 1236 796 1289 contra
827 1224 1063 1305 Philosophum
1080 1224 1115 1287 in

154 1333 437 1397 praedicamentis.

222 1440 298 1503 Ideo
320 1440 445 1503 dicitur
465 1440 572 1514 aliter,
597 1440 687 1521 quod
719 1438 824 1502 unitas
848 1438 974 1501 numeri
997 1446 1046 1500 est
1074 1458 1117 1499 ex

155 1548 391 1630 aggregatione
415 1547 586 1609 unitatum.
610 1585 655 1593 —
683 1544 812 1620 Contra,
837 1546 869 1608 in
901 1545 961 1607 ista
993 1545 1115 1607 unitate

155 1674 221 1717 non
246 1653 392 1716 consistit
414 1652 520 1716 forma
543 1654 669 1716 numeri
686 1654 717 1716 in
741 1674 807 1735 qua
823 1672 888 1715 non
909 1652 1055 1713 consistit
1072 1671 1117 1712 ra-

155 1761 203 1823 tio
226 1760 341 1843 prioris
364 1770 396 1823 et
419 1760 620 1842 posterioris;
645 1760 750 1823 sedin
781 1758 1015 1841 aggregatione
1046 1757 1116 1819 uni-

156 1876 263 1930 tatum
287 1888 353 1929 non
377 1876 426 1929 est
449 1868 531 1929 ordo
554 1867 668 1948 prioris
690 1876 723 1929 et
746 1865 947 1947 posterioris;
971 1885 1060 1946 ergo.

221 1974 296 2036 Ideo
318 1973 418 2035 aliter
439 1973 571 2046 dicitur,
608 1973 698 2055 quod
722 1972 827 2035 unitas
858 1971 985 2033 numeri
1015 1970 1116 2033 consi-

153 2082 209 2143 stit
233 2080 266 2142 in
290 2081 524 2162 aggregatione
548 2079 632 2142 facta
654 2080 697 2141 ab
720 2079 840 2153 animo,
865 2088 897 2141 et
913 2077 995 2140 forte
1011 2077 1117 2159 prima

152 2187 266 2269 opinio
289 2196 338 2250 est
352 2208 438 2261 vera,
452 2207 511 2249 nec
527 2186 608 2250 ratio
620 2196 733 2249 contra
749 2206 822 2248 eam
838 2184 1011 2248 concludit.
1030 2183 1115 2248 Cum

153 2294 240 2356 enim
265 2293 381 2355 dicitur
405 2294 495 2375 quod
519 2293 624 2355 unitas
647 2295 697 2355 vel
721 2303 770 2354 est
794 2291 898 2354 forma
922 2291 1046 2354 numeri
1071 2273 1116 2352 in-

152 2409 314 2482 quantum
333 2401 438 2462 unitas
453 2400 503 2462 vel
517 2400 711 2481 inquantum
729 2399 860 2473 distans,
879 2384 1009 2463 concedo
1024 2398 1115 2479 quod

154 2506 351 2588 inquantum
375 2508 481 2570 unitas
503 2507 571 2569 aliis
594 2507 778 2571 adveniens
805 2506 849 2567 Et
873 2525 948 2567 cum
966 2504 1116 2584 objicitur

153 2623 278 2686 contra,
302 2614 378 2694 quia
401 2614 461 2675 ista
485 2615 590 2675 unitas
614 2635 679 2676 non
704 2612 857 2675 informat
880 2612 957 2674 alias
977 2611 1116 2673 unitates

154 2721 385 2801 praecedentes
409 2722 581 2784 dicendum
606 2722 696 2803 quod
720 2740 832 2783 verum
849 2728 897 2782 est
920 2718 1115 2791 immediate,

151 2828 208 2889 sed
233 2826 385 2889 informat
409 2849 524 2890 omnes
548 2828 688 2889 mediate
711 2828 793 2890 sicut
816 2827 984 2907 supposita
1008 2826 1113 2907 plura-

154 2934 243 2996 litate
265 2933 444 2996 sormarum
470 2935 584 2997 ultima
609 2933 760 2996 informat
791 2932 1007 2995 mediantibus
1038 2931 1115 2993 aliis.

223 3146 287 3211 De
311 3144 439 3210 terlio
462 3144 661 3213 Arlt’oulo
685 3147 875 3208 diciturmro
900 3143 990 3206 inodo
1013 3144 1038 3205 si
1057 3164 1114 3204 nu-

154 3272 263 3316 merus
299 3254 397 3315 habet
428 3240 585 3315 unitatem
624 3253 794 3316 formalem
838 3253 881 3313 ita
922 3251 1012 3332 quod
1048 3250 1116 3311 uni-

152 3379 204 3431 tas
226 3362 403 3427 adveniens
426 3361 541 3422 ultimo
565 3362 631 3423 sive
654 3362 694 3423 sit
717 3381 813 3422 causa
838 3359 967 3420 unitatis
989 3356 1115 3419 numeri

153 3475 221 3537 sive
245 3471 351 3532 unitas
375 3467 492 3529 habeat
516 3468 672 3529 unitatem
697 3488 740 3529 ex
758 3466 933 3528 unitatibus
956 3484 1113 3545 aggrega-

154 3581 205 3653 tis,
229 3588 308 3639 tunc
333 3576 364 3635 in
388 3574 503 3636 divinis
527 3595 592 3635 non
609 3573 740 3654 ponitur
765 3593 927 3635 numerus.
954 3570 986 3633 Si
1004 3579 1113 3631 autem

154 3704 310 3750 numerus
334 3681 374 3743 sit
398 3681 440 3743 ab
463 3680 571 3742 anima
594 3689 732 3753 tantum,
757 3688 835 3742 tunc
852 3679 883 3740 in
908 3677 1022 3740 divinis
1038 3698 1116 3739 con-
