2684 4209
230 478 414 569 quidquid
437 478 636 569 praecipies
665 482 743 550 esto
771 476 896 550 brevis
925 482 969 549 ut
995 478 1066 550 cito
1092 477 1195 549 dicta

183 577 187 587 ¹
226 605 442 695 percipeunt
461 605 592 675 antini
609 602 747 675 docz'les
766 607 987 694 teneantque
997 603 1147 692 fideles.

295 726 467 800 Profecto
516 726 740 799 brevitatem
789 728 942 817 amans',
987 728 1196 800 resolutam

227 853 514 943 expeditamque
530 851 740 925 claritatem
752 850 1000 952 amplectitur,
1015 862 1053 924 et
1065 864 1197 926 utran-
1316 909 1317 932 1

229 1001 302 1071 que
325 998 472 1051 summe
495 977 732 1051 commiscuit
743 976 902 1049 utilitati.
923 977 1008 1049 Non
1030 977 1092 1049 hic
1104 986 1195 1051 sunt

230 1116 349 1177 torvae
391 1104 593 1175 verborum
635 1104 833 1192 ambages,
866 1123 941 1173 non
980 1102 1194 1179 obscuritas

229 1230 364 1301 fastidii
381 1230 499 1319 plena.
513 1227 587 1317 Qui
603 1238 640 1303 te
656 1248 748 1318 ergo
764 1227 879 1319 cupis,
893 1226 1122 1317 optimarum
1139 1227 1196 1299 lit-

229 1366 396 1427 terarum
411 1365 569 1443 amator,
578 1353 616 1426 in
631 1353 850 1443 theologicis
862 1351 1002 1425 erudiri
1014 1354 1191 1443 quaestio·

229 1480 347 1569 nibus
362 1482 431 1551 hoc
448 1478 514 1552 tibi
530 1480 706 1551 volumen
728 1480 931 1571 diligenter
945 1478 1191 1557 enuntiatum

229 1626 353 1695 operae
376 1604 538 1694 pretium
562 1614 618 1675 est
641 1604 898 1693 perlustrasse.
915 1604 1016 1675 Tum
1028 1603 1188 1678 lectione

90 1823 92 1834 1
229 1732 362 1805 crebra
384 1728 572 1818 limpidius
601 1739 726 1818 quam
751 1728 902 1801 monitis
933 1729 1072 1801 nostris
1110 1748 1192 1803 rem
1300 1809 1304 1826 Ι

89 1839 96 1888 ’“
228 1858 348 1945 ipsam
371 1852 552 1943 experire.

294 1980 423 2069 Neque
457 1977 665 2059 offendaris,
702 2000 725 2050 0
759 1980 906 2069 Lector,
941 1977 973 2050 si
1008 1979 1188 2069 quaedam

101 2105 105 2114 '
228 2106 392 2194 reperias
404 2103 631 2193 exemplaria
644 2126 719 2176 non
731 2104 817 2175 huic
834 2115 975 2177 nostrae
992 2106 1191 2184 correctio·

228 2231 264 2303 ni
288 2229 493 2302 conformia
509 2230 599 2307 dum
612 2240 649 2301 et
662 2239 791 2301 nostra
802 2250 850 2300 ex
862 2229 998 2319 quibus
1010 2231 1187 2307 emenda·

227 2356 350 2428 vimus
373 2354 556 2428 difformla
579 2353 692 2443 fuere,
717 2354 801 2427 licet
828 2375 986 2427 numero
1003 2356 1132 2445 multa,
1149 2356 1188 2430 in

227 2480 411 2569 aliquibus
434 2480 632 2567 superflua,
657 2479 696 2550 in
709 2478 894 2603 plerisque
910 2478 1094 2551 diminuta
1111 2491 1191 2553 tam

229 2605 409 2694 parvitate
431 2624 546 2694 quam
569 2602 828 2694 magnitudine
852 2613 1031 2691 monstra,
1056 2606 1123 2676 sed
1150 2616 1188 2677 et

227 2730 402 2818 quaedam
426 2729 495 2801 illis
517 2729 657 2801 inserta
681 2750 767 2819 quae
791 2750 866 2800 non
889 2738 997 2802 erant
1020 2728 1126 2801 Petri
1144 2730 1191 2806 de

229 2855 374 2943 Aquila.
386 2856 543 2944 Susczpe
554 2876 645 2946 ergo
653 2857 782 2946 potrus
795 2857 971 2927 rescissis
982 2858 1192 2947 superfluis

227 2988 336 3070 utque
347 2980 558 3071 diminutis,
561 2980 785 3073 posthabitis
798 3001 941 3071 quoque
949 2982 1192 3071 interpositis,

229 3127 307 3176 non
342 3105 492 3195 qtctdcm
526 3127 574 3176 ex
608 3108 766 3196 proprio
799 3108 935 3195 capric,
969 3128 1103 3179 verum
1145 3129 1194 3181 ex

227 3230 545 3302 entendutt'ortbus
575 3230 737 3323 profecto
773 3232 1057 3323 exemplurzlms
1079 3241 1191 3323 opus

229 3357 433 3445 integrum,
457 3363 553 3444 opus
580 3356 720 3446 absque
748 3357 861 3428 omni
885 3360 1192 3431 rnonsnuosrtate

225 3480 441 3571 perfectum,
466 3482 586 3551 maella
609 3481 810 3574 diligente
833 3481 1037 3571 seduloque
1064 3482 1191 3557 labore

228 3614 450 3677 correctum.
