2684 4209
215 242 281 305 230
486 227 561 289 Lm.
585 227 600 290 1
624 226 919 291 Ssurnnrmnuu

193 432 322 495 stantiae
345 441 378 495 et
400 432 582 506 intensioni,
618 434 873 515 correspondent
900 433 969 495 duo
991 430 1024 494 in
1058 452 1160 495 causa

192 548 272 621 puta
296 539 441 621 potentia
464 549 496 602 et
524 538 663 602 habitus.

263 643 393 710 Contra.
417 645 559 709 Intensio
586 655 679 708 actus
702 644 778 708 facit
806 666 862 727 per
886 666 920 708 se
951 665 1054 707 unum
1077 666 1159 709 cum

191 762 277 827 actu,
303 752 379 834 quia
402 760 451 816 est
474 752 664 815 intrinsecus
688 753 809 835 gradus
832 751 934 829 illius;
966 752 1023 814 sed
1046 774 1066 814 a
1089 773 1160 834 quo

191 869 240 923 est
273 860 418 923 effective
452 858 667 933 individuum,
703 859 745 921 ab
771 858 890 922 eodem
924 867 974 921 est
1007 858 1156 932 intensio,

192 968 259 1029 sive
282 967 403 1049 gradus
434 966 534 1043 illius;
558 967 615 1029 sed
650 965 832 1029 substantia
855 974 949 1028 actus
971 974 1021 1028 est
1043 974 1160 1047 poten·

192 1074 255 1149 tia;
278 1093 357 1156 ergo
380 1082 413 1135 et
436 1072 583 1135 intensio.

252 1180 425 1255 Praeterea,
439 1181 703 1262 quandocunque
714 1178 909 1261 principium
922 1178 1069 1242 naturale
1080 1198 1161 1241 con·

194 1287 294 1350 currit
316 1307 393 1349 cum
428 1307 525 1350 causa
560 1286 667 1360 libera,
702 1286 782 1348 illud
817 1285 1013 1368 principium
1048 1285 1161 1368 coagit

194 1402 355 1475 quantum
380 1400 497 1475 potest,
525 1402 558 1455 et
582 1390 645 1454 hoe
680 1391 758 1474 quia
780 1400 830 1454 est
864 1392 1059 1474 principium
1083 1392 1162 1455 acti-

195 1521 273 1563 vum
298 1500 460 1575 naturale;
485 1499 542 1562 scd
554 1497 685 1562 habitus
712 1508 761 1562 est
784 1500 848 1562 tale
863 1499 1057 1581 principium
1081 1518 1161 1561 cum

195 1607 235 1669 sit
262 1607 417 1688 quaedam
452 1606 590 1688 qualitas
625 1606 789 1682 naturalis;
825 1626 905 1689 ergo
939 1626 1067 1687 semper
1089 1606 1161 1688 agit

195 1722 356 1796 quantum
381 1721 498 1795 potest,
522 1712 623 1776 etsie
646 1732 775 1794 semper
802 1712 949 1775 causabit
971 1721 1081 1775 actum
1117 1732 1165 1775 ae·

195 1840 260 1902 que
283 1820 457 1893 intensum,
481 1819 575 1900 cujus
598 1819 798 1881 contrarium
825 1819 1024 1900 experimur.

261 1926 435 2001 Proeterea,
459 1926 485 1989 si
502 1925 632 1988 habitus
647 1934 699 1988 est
720 1925 828 1988 totalis
852 1945 949 1988 causa
972 1924 1164 1988 intensionis

195 2033 227 2095 in
252 2042 336 2108 actu,
361 2032 425 2096 hoc
447 2041 496 2095 est
518 2033 551 2095 in
574 2032 686 2113 aliquo
721 2032 825 2114 gradu
851 2032 990 2114 signato,
1014 2032 1071 2113 qui
1105 2052 1165 2094 vo-

196 2149 340 2214 cetura,
364 2139 465 2202 etsie
489 2138 639 2201 voluntas
662 2159 738 2221 quae
762 2148 812 2201 est
846 2160 924 2201 cum
948 2139 1010 2201 isto
1044 2138 1159 2201 habitu

196 2255 303 2328 potest
338 2245 458 2309 habere
491 2254 602 2309 actum
639 2245 803 2308 intensum
838 2245 870 2307 in
906 2246 1010 2329 gradu
1038 2265 1070 2319 a;
1102 2243 1165 2309 fiat

195 2372 275 2435 ergo
310 2352 461 2416 voluntas
495 2353 605 2434 aliqua
636 2349 807 2434 perfectior
842 2352 947 2434 prima
980 2353 1160 2427 voluntate,

196 2480 272 2542 quae
295 2460 425 2523 excedit
448 2480 520 2521 eam
545 2459 726 2521 secundum
751 2459 996 2540 proportionem
1020 2458 1063 2522 ad
1086 2478 1164 2541 gra-

197 2566 276 2628 dum
301 2586 332 2640 a,
356 2574 389 2629 et
412 2574 491 2629 tunc
525 2566 677 2628 voluntas
693 2585 758 2628 non
777 2564 946 2629 habituata
975 2565 1094 2647 poterit
1126 2566 1161 2628 in

196 2670 350 2735 effectum
374 2692 470 2754 aeque
492 2672 684 2755 perfectum,
708 2672 955 2768 sicutrroluntas
981 2671 1163 2735 habituata.

264 2885 371 2951 Ideo
405 2890 474 2951 est
505 2885 636 2952 tertia
661 2884 814 2967 opinio
848 2906 923 2966 quae
958 2884 1038 2948 dicit
1070 2884 1163 2966 quod

197 2990 327 3055 habitus
351 2992 473 3055 nullam
497 2993 659 3056 actionem
684 2992 735 3054 vel
758 2991 958 3054 activitatem
993 2991 1093 3055 habet
1116 3011 1164 3053 re·

196 3108 310 3181 spectu
334 3109 436 3175 actus,
461 3100 517 3162 sed
540 3099 773 3162 tantummodo
797 3097 897 3162 habet
920 3099 1072 3162 inclinare
1105 3118 1163 3181 po

197 3206 343 3280 tentiam,
380 3215 416 3268 ut
450 3205 566 3269 eliciat
589 3214 712 3280 actum,
736 3214 769 3268 et
802 3206 893 3286 quod
927 3205 1059 3268 habitus
1093 3224 1162 3268 non

198 3310 317 3374 habeat
339 3312 438 3375 talem
455 3312 672 3397 *activitatem
697 3313 816 3394 probat
838 3310 900 3375 sic:

264 3418 398 3481 Primo:
423 3418 521 3482 Nulla
544 3419 612 3482 duo
632 3419 739 3501 specie
757 3418 909 3481 distincta
932 3428 1008 3481 sunt
1030 3418 1090 3481 sibi
1113 3418 1163 3481 in·

198 3522 302 3586 vicem
326 3545 433 3588 causae
457 3524 653 3606 aequivocae;
685 3525 742 3587 sed
765 3534 858 3587 actus
885 3534 918 3588 et
949 3524 1079 3588 habitus
1100 3525 1166 3587 dis·

197 3629 393 3714 tinguuntur
421 3632 541 3714 specie;
565 3652 645 3715 ergo
668 3652 735 3695 non
758 3640 835 3694 sunt
850 3631 910 3694 sibi
926 3631 1064 3695 invicem
1085 3652 1166 3694 cau·
