2684 4209
353 283 540 348 Drsrmcr.
565 283 678 348 XVIII
701 281 848 365 Qunsr.
873 284 888 347 Ι
1039 298 1100 365 235

228 487 377 551 Secunda
406 485 572 553 Conclusio
595 489 753 572 probatur
776 490 831 553 sic:
849 490 937 554 Nam
958 490 1069 552 lumen
1092 490 1130 553 in

159 615 233 657 aere
257 594 370 677 recipit
393 596 498 679 magis
520 604 553 659 et
566 595 674 659 minus
690 605 822 678 propter
840 596 998 678 majorem
1015 606 1048 660 et
1070 596 1133 658 mi-

161 722 274 765 norem
298 702 542 785 dispositionem
566 724 642 785 quae
666 713 716 766 est
740 704 773 767 in
797 703 956 785 subjecto,
980 703 1058 767 Ideo
1082 703 1129 765 di-

160 808 205 871 cit
228 807 445 890 Philosophus
467 828 497 872 2.
522 808 669 891 Metaplz.
687 811 779 892 quod
796 808 902 873 sorma
925 830 991 873 non
1014 810 1134 892 recipit

161 915 267 997 magis
289 925 322 978 et
347 916 455 979 minus
476 916 536 979 nisi
559 915 668 979 forsan
693 926 729 979 ut
752 926 802 980 est
825 917 857 979 in
880 917 1024 991 materia,
1049 937 1126 979 cum

160 1022 214 1085 ait:
239 1022 520 1103 quemadmodum
545 1044 605 1086 nec
629 1043 786 1086 numerus
809 1022 909 1086 habet
933 1023 1039 1106 magis
1068 1032 1127 1086 aut

121 1156 122 1159 ¹
160 1128 278 1202 minus,
304 1148 363 1191 nec
386 1150 461 1211 quae
492 1130 673 1192 secundum
704 1129 847 1211 speciem
879 1128 1035 1211 subjecta,
1066 1129 1124 1192 sed

160 1234 317 1317 siquidem
342 1256 417 1298 cum
444 1235 577 1299 materia
602 1251 631 1315 3.
655 1246 724 1318 cap.
748 1236 836 1299 circa
858 1236 976 1320 finem.

233 1340 352 1405 Contra
377 1342 474 1405 istum
498 1342 681 1424 opinionem
704 1344 852 1427 arguitur
869 1342 979 1425 primo
1010 1344 1064 1406 sic:
1090 1342 1131 1407 Si

161 1447 267 1511 forma
290 1449 423 1531 praecise
447 1449 625 1513 intenditur
653 1459 787 1532 propter
815 1450 973 1531 majorem
994 1450 1045 1512 vel
1071 1450 1133 1511 mi-

162 1574 276 1618 norem
300 1554 545 1637 dispositionem
569 1576 645 1637 quae
669 1565 718 1619 est
741 1555 774 1618 iu
797 1556 956 1637 subjecto,
980 1564 1039 1618 aut
1073 1555 1127 1617 illa

162 1661 330 1743 dispositio
353 1670 402 1724 est
424 1661 572 1743 ejusdem
597 1662 730 1725 rationis
752 1684 829 1726 cum
852 1661 959 1726 forma
980 1675 1062 1745 quae'
1080 1663 1133 1726 in-

161 1766 314 1843 tenditur,
331 1776 389 1830 aut
402 1768 532 1831 alterius
549 1768 690 1832 rationis.
707 1769 783 1833 Non
803 1769 914 1851 primo
929 1770 1032 1843 modo,
1048 1768 1128 1852 qnia

161 1883 241 1938 tunc
276 1873 366 1937 fieret
389 1875 615 1957 augmentatio
651 1896 708 1959 per
731 1875 853 1957 aliquid
876 1876 1006 1939 alterius
1033 1875 1134 1937 ratio—

162 1980 268 2055 tioniS,
293 1981 383 2061 quod
407 1980 467 2063 ipsi
483 1992 614 2065 negant.
640 1982 674 2045 Si
697 1983 835 2045 secundo
858 1981 950 2046 modo
973 2002 1049 2045 cum
1066 1981 1134 2044 ista.

162 2088 331 2170 dispositio
362 2088 494 2170 recipiat
528 2090 711 2152 secundum
747 2110 781 2152 se
806 2088 911 2171 magis
944 2097 977 2152 et
1008 2088 1133 2163 minus„

162 2215 242 2277 ergo
265 2193 371 2257 forma
393 2196 573 2258 secundum
598 2216 693 2259 suam
715 2195 888 2259 essentiam
912 2195 1045 2278 recipiet
1060 2215 1134 2257 ma—

163 2301 213 2383 gis
236 2310 268 2364 et
292 2302 400 2365 minus
422 2323 499 2365 cum
523 2302 564 2366 sit
587 2302 736 2384 ejusdem
760 2302 902 2365 rationis.

230 2406 376 2471 Secundo
399 2408 461 2471 sic:
486 2408 544 2471 Illa
567 2407 674 2472 forma
695 2417 754 2471 aut
783 2408 925 2472 totaliter
956 2407 1131 2491 participa-

162 2522 216 2578 tur
239 2536 258 2577 a
281 2514 438 2596 subjecto,
469 2524 526 2578 aut
557 2536 623 2580 non
654 2516 867 2598 participatur
897 2516 1039 2579 totaliter
1069 2515 1131 2578 sed

163 2622 345 2685 secundum
369 2623 519 2705 gradum.
544 2622 620 2685 Non
637 2622 749 2704 primo
772 2623 874 2695 modo,
902 2622 979 2704 qnia
1001 2631 1081 2685 tunc
1093 2623 1131 2685 in

163 2728 309 2811 quolibet
332 2728 479 2810 subjecto
503 2727 608 2792 forma
630 2738 715 2792 esset
744 2749 840 2811 aeque
869 2730 1004 2802 intensa,
1035 2728 1132 2811 quod.

162 2844 213 2898 est
235 2833 370 2897 salsum:
394 2856 474 2917 ergo
497 2836 633 2899 secundo
656 2836 748 2899 modo
770 2835 890 2898 scilicet
913 2834 1133 2917 participatur

163 2942 346 3004 secundum
369 2942 500 3024 gradus,
525 2962 602 3005 cum
626 2962 725 3004 omne
740 2941 804 3004 tale
826 2942 917 3023 quod
934 2940 1033 3004 habet
1056 2962 1137 3023 gra-

164 3048 227 3111 dus
250 3048 281 3110 in
305 3068 364 3110 sua
386 3048 523 3111 essentia
555 3048 667 3130 recipit
695 3048 800 3131 magis
829 3056 863 3111 et
891 3048 1016 3125 minus;
1047 3068 1133 3129 ergo

163 3154 269 3217 forma
292 3155 498 3218 accidentalis
521 3156 703 3218 secundum
726 3176 820 3217 suam
848 3154 1019 3217 essentiam
1052 3154 1134 3217 reci--

162 3262 212 3344 pit
235 3262 340 3345 magis
362 3270 396 3325 et
420 3261 537 3327 minus.
646 3295 649 3300 ·

237 3369 342 3432 Tertio
364 3368 426 3431 sic:
452 3368 694 3451 Augmentatio
709 3388 786 3431 cum
809 3368 851 3430 sit
866 3388 942 3431 vera
965 3367 1050 3430 actio
1066 3375 1133 3430 ter·

165 3475 307 3539 minatur
331 3476 373 3538 ad
397 3475 529 3557 aliquid.
554 3475 616 3539 Vel
640 3496 720 3558 ergo
743 3475 786 3537 ad
809 3475 949 3557 gradum
973 3474 1029 3557 qui
1046 3495 1129 3556 prae-

162 3582 335 3658 existebat,
360 3583 410 3645 vel
434 3583 476 3645 ad
499 3584 599 3645 alium
624 3583 775 3665 gradum.
800 3582 875 3645 Non
894 3581 1005 3663 primo
1020 3582 1123 3655 modo,

164 3688 242 3772 quia
265 3688 388 3753 sactum
412 3688 517 3752 iacere
548 3689 625 3753 nihil
649 3698 699 3753 est
728 3688 850 3767 iacere;
882 3709 962 3772 ergo
992 3689 1137 3752 secundo

164 3796 267 3869 modo,
294 3804 327 3859 et
351 3794 489 3859 habetur
512 3796 727 3879 propositum.
