2684 4209
400 156 585 221 Disrrucr.
612 161 634 223 l.
661 158 847 240 Quasnl

160 366 280 429 Trim't.
318 366 404 435 dicit,
441 366 574 447 plenum
612 368 769 449 gaudium
793 378 841 430 est
865 367 925 429 frui
951 368 1129 443 Trinitatet

154 474 211 536 sed
241 474 399 555 gaudium
433 474 510 536 dicit
538 475 801 549 delectationem
829 496 909 558 ergo
937 476 1045 539 fruitio
1075 488 1132 541 est,

155 582 337 643 delectatio,

224 685 302 754 Sed
322 686 427 755 tertio
450 686 560 755 modo
583 690 709 760 dicitur.
734 700 766 753 et
791 691 915 758 melius,
932 692 1022 772 quod
1031 691 1123 772 frui-

156 797 211 863 tio,
241 796 396 876 importat
420 806 487 857 tam
512 796 714 859 dilectionem
738 818 839 879 quam
872 798 1122 860 delectationem.

158 903 258 965 Unde
282 902 499 983 AugustinuS,
528 921 576 965 ιο.
608 904 657 964 De
696 904 812 965 Tre'nit.
840 904 992 965 Fruimur
1016 906 1134 985 cogni--

156 1011 197 1071 tis
222 1009 316 1070 bonis
347 1010 378 1071 in
410 1010 529 1091 quibus
560 1010 711 1071 voluntas
740 1021 872 1092 propter
903 1032 937 1072 se
968 1011 1126 1074 delectata

156 1117 302 1197 quiescit.
329 1116 372 1179 Et
396 1117 440 1179 sic
464 1115 571 1177 fruitio
589 1118 744 1197 importat
763 1127 948 1199 utrumque,
964 1127 996 1179 et
1012 1118 1044 1179 in
1066 1140 1135 1181 suo-

157 1224 291 1285 nomine
316 1244 380 1285 non
405 1234 453 1285 est
476 1244 533 1285 ens
557 1244 613 1305 per
642 1244 676 1286 se
704 1244 824 1298 unum;
850 1245 909 1287 nec
939 1234 987 1286 est
1018 1226 1137 1288 incon--

157 1330 291 1392 veniens
315 1332 403 1411 quod
435 1351 537 1392 unum
568 1351 687 1393 nomen
717 1331 875 1412 significet
900 1332 1012 1400 multa.
1044 1332 1127 1395 sicut

157 1446 249 1519 patet
273 1458 329 1518 per
353 1436 588 1518 Philosophum
617 1456 647 1522 7.
665 1438 812 1519 Metapa.
837 1440 878 1501 de
902 1438 965 1500 hoc
996 1440 1129 1501 nomine

150 1544 386 1625 stine-Hanc
414 1544 601 1626 opinionem
631 1547 775 1627 sequitur
800 1546 925 1609 Doctor
949 1556 1066 1608 noster.

228 1758 292 1823 Be
316 1758 458 1825 Perfe'o
475 1760 687 1826 Arfe‘culo:
708 1760 741 1823 si
747 1761 871 1842 fruitio
886 1771 934 1823 est
955 1772 1047 1824 actus
1071 1783 1125 1825 vn-

160 1866 300 1927 lerntatr's

230 1974 317 2035 Dicit
341 1975 492 2055 AEgidius
520 1976 609 2056 quod
630 1975 712 2058 frui
736 1986 793 2037 aut
821 1974 898 2039 dicit
920 1985 1031 2038 actum
1060 1996 1135 2057 quo¹

159 2082 331 2161 attingitur
359 2080 430 2143 finis
458 2092 624 2163 separatus
654 2083 742 2163 prius
770 2104 832 2145 nnn
857 2080 999 2153 habitus,
1027 2083 1136 2145 etsie

159 2192 269 2257 fruitio
299 2201 346 2253 est
381 2200 472 2253 actus
507 2192 696 2262 intellectio,
732 2190 808 2272 quia
843 2209 900 2271 per
930 2189 1130 2253 intellectum

160 2302 251 2383 prius
274 2301 444 2383 attingitur
467 2299 632 2379 objectum
658 2294 858 2359 beatificum:
876 2307 933 2361 aut
948 2296 1030 2377 frui
1051 2296 1129 2359 dicit

160 2419 271 2470 actum
298 2428 354 2488 per
377 2426 475 2488 quem
500 2404 669 2487 attingitur
686 2402 842 2487 finisjam
859 2402 1001 2475 habitus,
1029 2413 1061 2465 et
1085 2404 1139 2465 sic

160 2526 209 2577 est
233 2526 325 2577 actus
349 2514 537 2587 voluntatis;
561 2522 594 2575 et
618 2512 662 2574 sic
691 2511 870 2574 secundum
903 2510 990 2573 Eum
1022 2509 1132 2572 fruitio

161 2623 251 2705 prius
275 2630 400 2702 spectat
423 2622 464 2683 ad
492 2630 602 2683 actum
635 2620 824 2691 intellectus·‚
856 2616 1046 2680 secundario
1078 2638 1142 2679 au·-

161 2740 229 2790 tem
262 2728 303 2790 ad
335 2738 444 2789 actum
477 2726 661 2797 voluntate,
700 2727 893 2807 inquantum
918 2724 995 2786 dicit
1026 2744 1130 2806 quan-

160 2838 238 2898 dam
275 2835 522 2897 delectationem
540 2843 792 2914 consequentem
809 2842 919 2893 actum
937 2832 1126 2894 intellectus.

231 2942 298 3005 Sne
318 2952 429 3003 eontra
461 2941 517 3003 lenc
549 2941 694 3023 arguitur
726 2960 782 3019 per
815 2938 1040 3019 Augustinum
1074 2956 1124 3000 10.

160 3052 200 3113 de
232 3050 399 3112 fifniente.
427 3050 579 3111 Fruimur
602 3048 696 3110 bonis
719 3047 866 3127 cognitis,
893 3047 923 3107 in
941 3045 1059 3126 quibus
1075 3067 1130 3105 vo

161 3160 269 3219 luntas
298 3158 455 3219 delectata
476 3156 619 3237 quiescit.
644 3156 697 3217 Ex
719 3154 781 3215 hoc
802 3154 962 3234 arguitur:
989 3151 1143 3231 Quando-

160 3264 283 3345 aliquid
316 3264 413 3324 intrat
444 3262 663 3325 definitionem
696 3262 831 3341 alicujus
857 3261 888 3321 in
921 3271 1017 3329 τοῦτο,
1051 3259 1129 3320 illud
1183 3346 1189 3355 ο

160 3372 251 3454 quod
276 3370 427 3433 definitur
452 3372 557 3451 primo
581 3372 718 3451 pertinet
750 3371 791 3430 ad
825 3369 902 3429 illud
927 3368 1016 3448 quod
1042 3367 1135 3447 poui-

160 3490 214 3541 tur
240 3480 269 3540 in
297 3489 394 3547 recto
430 3488 464 3539 ut
495 3479 518 3539 si
549 3478 673 3539 dicatur
704 3479 793 3558 quorl
821 3478 951 3538 similas
982 3485 1029 3536 cst
1062 3462 1134 3535 naal

160 3588 311 3657 curvitaS,
337 3586 460 3647 simitas
489 3586 594 3666 primo
615 3586 752 3667 pertinet
773 3585 814 3645 ad
839 3603 969 3656 unsum;
995 3583 1051 3643 sed
1077 3603 1132 3642 vo-
