2684 4209
389 222 576 287 Drsrrucr.
602 224 715 287 XVIII
739 223 886 306 Quasr.
911 225 925 287 1
1064 242 1124 304 241

185 430 352 511 permixto
376 430 542 512 potentiae,
566 450 642 512 quae
671 430 817 512 potentia
847 451 1031 513 numquam
1058 431 1152 493 redu·

186 536 269 599 citur
292 536 334 598 ad
357 546 467 599 actum
492 538 704 618 completum,
738 547 774 600 ut
801 538 895 620 ponit
933 537 1151 620 Philosophus

183 642 274 706 circa
289 642 396 727 finem
415 660 449 723 J.
473 642 576 725 Phys.

255 855 319 921 Be
341 860 502 941 quarto
514 856 715 923 Articulo
726 857 803 920 dicit
812 857 927 938 prima
938 856 1046 939 opinio
1061 856 1151 938 quod

183 961 325 1025 charitas
340 983 397 1045 per
408 973 583 1047 peccatum
602 964 738 1026 mortale
758 964 899 1026 totaliter
920 964 1150 1045 corrumpitur,

186 1090 244 1150 per
268 1078 439 1151 peccatum
463 1070 587 1132 veniale
612 1070 776 1132 minuitur.
801 1070 963 1143 Probatio,
987 1071 1063 1152 quia
1079 1091 1153 1132 cau·

185 1196 231 1237 sae
254 1175 401 1257 ejusdem
426 1176 557 1239 rationis
580 1177 761 1239 secundum
806 1177 992 1259 analogiam
1031 1176 1152 1239 habent

184 1281 317 1345 effectus
340 1282 486 1363 ejusdem
510 1284 730 1365 proportionis
752 1284 932 1346 secundum
952 1284 1150 1366 analogiam.

186 1388 252 1452 Sed
265 1399 434 1472 peccatum
448 1390 585 1453 mortale
596 1399 629 1452 et
641 1391 775 1475 veniale,
792 1410 868 1453 cum
881 1390 1026 1453 oriantur
1041 1411 1084 1453 ex
1102 1411 1152 1455 ea-

184 1496 261 1559 dem
285 1496 391 1558 radice
415 1495 545 1569 fomitis,
563 1507 638 1559 sunt
658 1497 805 1577 ejusdem
819 1498 965 1560 rationis:
989 1518 1069 1579 ergo
1097 1496 1152 1559 ha-

186 1602 264 1665 bent
279 1602 412 1665 effectus
435 1602 580 1683 ejusdem
605 1603 824 1685 proportionis
847 1604 1026 1666 secundum
1044 1603 1152 1666 analo-

184 1709 284 1791 giam.
321 1708 386 1773 Sed
422 1719 593 1791 peccatum
630 1710 767 1772 mortale
801 1711 944 1773 totaliter
971 1710 1151 1792 corrumpit

186 1814 398 1878 charitatem:
423 1837 503 1899 ergo
525 1816 650 1879 veniale
674 1817 834 1879 diminuit.

255 1922 423 1997 Praeterea,
449 1932 589 2005 ponatur
612 1924 703 2004 quod
733 1924 797 1986 sint
819 1924 887 1987 duo
911 1923 1059 1987 homines
1098 1923 1151 1986 ha·

186 2028 299 2091 bentes
322 2030 484 2110 aequalem
508 2029 709 2104 charitatem,
741 2040 774 2093 et
797 2051 881 2093 unus
904 2039 1016 2112 peccet
1042 2030 1151 2096 venia·

187 2135 256 2198 liter
279 2145 313 2198 et
341 2136 423 2199 alius
452 2157 527 2199 non.
555 2136 649 2200 Tunc
688 2138 858 2218 quaeritur:
882 2147 941 2200 aut
978 2147 1150 2219 peccatum

185 2242 309 2305 veniale
332 2243 483 2306 diminuit
507 2242 697 2307 charitatem
722 2254 886 2306 autnon.
911 2243 945 2307 Si
974 2244 1030 2319 sic,
1056 2243 1153 2307 habe·

183 2358 236 2411 tur
261 2351 480 2431 propositum;
505 2351 530 2412 si
555 2371 630 2423 non,
643 2371 724 2432 ergo
745 2350 835 2412 Deus
858 2350 963 2433 diligit
984 2351 1151 2432 aequaliter

187 2466 378 2539 peccantem
391 2467 424 2519 et
445 2477 510 2519 non
531 2467 721 2539 peccantem
741 2458 831 2538 quod
847 2468 896 2519 est
912 2458 1149 2520 inconveniens

257 2560 325 2625 Sed
343 2574 455 2626 contra
479 2584 567 2645 pono
590 2564 681 2645 quod
706 2563 796 2626 Deus
812 2562 962 2627 infundat
977 2564 1070 2626 alicui
1096 2564 1152 2625 mi·

187 2668 313 2731 nimam
337 2668 527 2733 charitatem
552 2691 617 2752 qua
641 2670 748 2732 minor
770 2670 869 2733 creari
894 2691 960 2744 non
983 2670 1094 2753 possit,
1118 2680 1152 2733 et

189 2775 240 2837 ille
263 2785 375 2857 peccet
398 2776 576 2839 venialiter:
601 2797 725 2858 quatre,
749 2787 806 2839 aut
828 2777 980 2839 diminuit
1003 2787 1148 2840 autnon.

188 2882 222 2947 Si
247 2902 312 2945 non
336 2883 452 2945 minuit
475 2882 677 2957 charitatem,
711 2883 847 2946 habetur
879 2884 1098 2966 propositum;
1123 2884 1148 2946 si

184 2989 238 3063 sic,
263 3009 342 3071 ergo
365 2990 505 3052 totaliter
530 2990 720 3071 corrumpit,
744 2991 899 3071 quianon
914 3000 963 3052 est
986 2989 1063 3052 dare
1092 2990 1151 3052 mi·

142 3100 143 3107 ’
186 3094 312 3159 nimum
338 3096 483 3160 minimo.

248 3202 416 3277 Praeterea,
441 3224 555 3266 omnes
579 3212 687 3285 partes
710 3203 875 3266 charitatis
898 3212 974 3266 sunt
996 3203 1143 3283 ejusdem

184 3308 331 3383 rationis;
356 3309 413 3371 sed
437 3310 523 3371 idem
539 3320 588 3372 est
601 3310 762 3391 judicium
776 3311 816 3373 de
832 3320 923 3393 parte
946 3320 979 3372 et
1002 3311 1043 3372 de
1058 3319 1129 3373 toto
1139 3330 1147 3385 ;

184 3436 264 3497 ergo
287 3416 312 3477 si
336 3425 508 3497 peccatum
539 3418 663 3479 veniale
695 3427 802 3499 potest
834 3418 1014 3480 diminuere
1045 3417 1146 3479 chari·

187 3530 287 3585 tatem
312 3532 473 3604 quantum
503 3524 545 3585 ad
576 3544 680 3587 unum
706 3525 856 3607 gradum,
888 3534 968 3587 tunc
999 3524 1151 3606 multipli-

188 3630 268 3693 catis
299 3630 440 3712 peccatis
470 3630 649 3693 venialibus
681 3632 799 3713 poterit
829 3630 968 3693 charitas
999 3652 1055 3713 per
1079 3651 1151 3713 pec·

1041 3761 1068 3803 re
