2684 4209
234 235 292 281 112
487 218 562 284 Lur.
586 220 601 281 Ι
626 219 921 282 Sunrunrmnuu

202 423 318 487 dicitur
349 425 530 487 secundum
565 425 652 487 viam
690 423 847 486 Varronis
882 413 959 487 dist.
991 443 1025 504 J.
1050 425 1171 508 primi,

202 532 293 612 quod
316 531 496 593 intellectus
519 551 578 612 pro
602 540 696 593 tanto
720 530 880 593 convertit
902 551 936 593 se
959 531 1002 594 ad
1025 530 1169 614 phanta-

203 647 318 711 smata,
353 637 430 719 quia
468 638 545 700 dato
576 638 667 719 quod
699 637 732 699 in
764 637 926 699 intellectu
959 637 999 700 sit
1038 638 1160 720 species

202 745 280 826 quia
303 765 379 806 cum
404 745 463 807 ista
486 745 607 825 species
630 744 670 807 sit
698 744 824 807 subtilis
856 765 922 807 non
955 754 1064 826 potest
1096 765 1169 807 mo·

201 871 276 914 vere
298 851 402 932 ipsam
426 851 569 913 animam
595 849 797 913 habitantem
822 851 854 912 in
878 872 1015 932 corpore
1032 872 1165 932 corruo

204 958 294 1031 tibili,
319 957 377 1020 nisi
402 967 544 1020 recurrat
567 959 608 1020 ad
640 958 885 1038 phantasmata;
916 966 950 1020 et
980 958 1113 1039 ponitur
1135 979 1169 1019 e·

202 1065 387 1146 xemplum:
413 1064 495 1126 sicut
519 1064 628 1126 lumen
651 1085 717 1126 non
731 1072 837 1146 potest
853 1064 1027 1127 terminare
1042 1065 1170 1138 visum,

204 1191 263 1233 nec
286 1171 372 1233 visus
396 1180 502 1253 potest
526 1169 581 1252 figi
606 1171 637 1234 in
655 1171 777 1233 lumine
793 1171 851 1234 nisi
869 1171 1011 1234 inveniat
1032 1170 1168 1253 aliquod

202 1278 416 1350 obstaculum,
441 1277 485 1339 sic
503 1277 683 1339 intellectus
699 1298 765 1339 non
782 1276 892 1359 figitur
909 1278 941 1340 in
966 1277 1075 1359 specie
1090 1297 1169 1359 pro·

202 1385 271 1466 pria
293 1405 465 1466 quousque
488 1384 597 1446 veniat
620 1384 662 1446 ad
687 1384 868 1466 phantasiae
891 1383 1044 1466 speciem.

569 1596 743 1678 Qurusrro
767 1612 800 1658 v.

526 1737 647 1816 Quinto
670 1740 844 1822 quoerr'tur:

380 1897 487 1953 Utrum
505 1897 535 1952 lu
553 1900 647 1953 mento
665 1897 704 1952 slt
721 1897 815 1964 lmngo
833 1896 993 1952 Trlultatls.

272 2043 411 2106 Videtur
434 2044 523 2125 quod
548 2063 628 2106 non:
658 2061 684 2106 1.
711 2042 797 2124 Quia
820 2063 877 2124 per
901 2042 1081 2124 imaginem
1114 2063 1174 2124 po·

115 2153 120 2160 '
206 2158 269 2213 test
292 2150 476 2232 investigari
500 2151 579 2212 illud
603 2149 696 2231 cujus
720 2159 768 2211 est
785 2149 910 2231 imag0;
927 2150 984 2211 sed
1001 2169 1057 2230 per
1076 2169 1168 2211 men-

206 2267 272 2319 tem
297 2257 363 2320 sive
386 2257 530 2319 animam
558 2277 624 2318 non
655 2265 763 2337 potest
793 2255 978 2337 investigari
1011 2255 1170 2331 Trinitas;

206 2385 285 2446 ergo
309 2364 341 2426 in
366 2373 475 2426 mente
499 2384 563 2425 non
588 2372 636 2424 est
660 2364 772 2444 imago
795 2363 973 2424 Trinitatis

274 2487 302 2532 2.
339 2471 507 2542 Praeterea,
541 2470 759 2550 Augustinus,
796 2487 848 2550 15.
885 2469 924 2530 de
958 2467 1048 2531 Trin.
1087 2469 1167 2531 dicit

207 2577 297 2658 quod
321 2577 475 2658 quaelibet
499 2597 636 2657 persona
661 2575 760 2637 habet
783 2575 862 2638 illud
886 2576 917 2637 in
941 2595 1009 2656 quo
1037 2575 1173 2656 ponitur

208 2685 318 2765 imago
341 2683 516 2756 Trinitatis,
541 2683 618 2764 quia
641 2682 798 2763 quaelibet
821 2702 960 2764 persona
984 2681 1082 2744 habet
1100 2702 1168 2742 me-

209 2790 356 2863 moriam,
380 2789 626 2871 intelligentiam
643 2798 677 2850 et
692 2789 912 2862 voluntatem;
929 2808 1009 2868 ergo
1025 2787 1085 2850 ista
1102 2807 1171 2850 non

209 2897 313 2979 magis
337 2905 547 2978 repraesentat
570 2895 747 2958 trinitatem
772 2915 872 2976 quam
897 2895 1066 2968 unitatem,
1092 2913 1172 2956 cum

209 3004 260 3066 illa
284 3003 327 3065 ita
350 3005 414 3065 sint
437 3003 469 3065 in
494 3023 558 3064 una
582 3023 720 3084 persona
743 3001 825 3064 sicut
848 3001 880 3064 in
903 3001 1065 3062 omnibus

276 3111 316 3172 In
340 3110 540 3172 contrarium
565 3118 613 3170 est
637 3109 855 3190 Augustinus
881 3126 933 3190 14.
957 3108 996 3169 dc
1015 3107 1045 3169 T
1040 3105 1106 3168 rin.
1127 3106 1175 3168 di-

209 3237 297 3280 cens:
324 3217 369 3278 lbi
394 3217 571 3298 quaerenda
594 3225 642 3277 est
667 3215 786 3296 imag0‚
813 3215 866 3276 ubi
891 3214 968 3276 nihil
992 3222 1042 3275 est
1057 3213 1174 3274 melius

210 3325 241 3385 in
266 3333 380 3385 natura
412 3333 537 3396 nost1·a;
573 3323 629 3383 sed
665 3321 743 3382 nihil
778 3333 826 3382 est
862 3321 976 3382 melius
1011 3320 1042 3382 in
1078 3319 1176 3381 nobis

210 3451 310 3510 quam
334 3429 442 3491 anima
478 3429 560 3490 sicut
596 3449 687 3489 mens
695 3448 794 3508 ,crgo
807 3428 917 3510 imago
940 3425 1105 3489 Trinitatis
1125 3437 1176 3488 est

209 3538 241 3599 in
268 3547 384 3599 mente.
