2684 4209
264 273 329 335 340
392 301 395 306 .
530 255 604 319 Lm.
629 251 644 317 Ι
668 254 964 319 Sanrnnrmaun

1042 368 1209 379 —-·-—-—

239 460 319 524 ritus
336 460 474 525 Sanctus
488 470 538 523 est
552 461 684 543 signum
701 458 880 523 dilectionis
897 460 999 521 Patris
1015 468 1047 522 et
1064 459 1145 521 Filii.
1167 496 1204 505 —
1318 466 1319 469 ’

167 641 170 646 ‚
245 566 374 642 Contra,
403 568 480 649 quia
502 567 618 629 eadem
649 566 774 628 ratione
797 573 907 647 posset
937 566 1001 628 dici
1032 566 1123 647 quod
1147 566 1212 628 Pa·-

239 685 288 737 ter
311 684 344 737 et
367 674 467 737 Filius
489 674 630 756 diligunt
653 693 687 735 se
710 682 867 747 creatura,
892 672 968 753 quia
991 682 1140 735 creatura
1155 682 1213 735 est.

240 782 371 864 signum
395 780 576 843 dilectionis
598 801 724 842 eorum.

308 884 399 955 Alt'a
414 884 543 972 optati)
567 886 749 968 dicitquod
773 886 867 950 Pater
883 896 916 950 et
940 885 1041 948 Filius
1064 884 1207 968 diligunt
1318 884 1319 887 ’

240 1016 275 1058 se
287 994 408 1077 Spiritu
422 993 544 1059 Sancto
556 1014 612 1075 per
628 994 938 1075 appropriationem,
956 993 1035 1075 quia
1046 1013 1141 1055 amor
1152 1013 1216 1075 ap·-

242 1102 426 1184 propriatur
449 1099 582 1182 Spiritui
606 1100 738 1164 Sancto.
763 1137 806 1147 -
835 1098 965 1165 Contra.
998 1100 1128 1162 Eadem
1157 1121 1208 1161 ra-

242 1208 331 1272 tione
354 1217 463 1291 posset
494 1207 556 1274 dici
580 1207 670 1290 quod
701 1208 795 1269 Pater
825 1216 858 1269 et
889 1206 991 1269 Filius
1021 1216 1099 1269 sunt
1131 1207 1215 1270 boni

233 1313 365 1396 'Spiritu
397 1314 529 1388 Sanct0,
553 1316 630 1397 quia
661 1314 789 1377 bonitas
811 1314 1043 1396 appropriatur
1074 1313 1211 1395 Spiritui

243 1421 376 1485 Sancto.
813 1456 815 1467 =

310 1524 397 1596 Ideo
418 1530 476 1595 est
495 1524 575 1595 alta
598 1524 728 1613 opima
754 1522 788 1595 T
782 1523 906 1595 noma
915 1538 950 1609 p.
969 1546 999 1590 1.
1016 1550 1046 1610 q.
1060 1546 1118 1613 57.
1141 1550 1163 1591 a
1178 1548 1217 1591 a,

243 1635 334 1717 quod
358 1635 453 1697 Pater
475 1644 508 1697 et
532 1634 632 1696 Filius
655 1634 795 1715 diligunt
826 1655 860 1697 se
884 1633 1006 1717 Spiritu
1040 1634 1165 1699 Sancto
1190 1636 1213 1696 i-

240 1751 296 1805 sto
315 1742 425 1815 modo,
444 1750 479 1803 ut
494 1741 553 1803 iste
568 1740 735 1803 ablativus
751 1750 958 1804 construatur
980 1742 1013 1803 in
1027 1742 1155 1804 ratione
1169 1740 1223 1804 es*

246 1846 349 1911 fectus
373 1845 524 1921 formalis,
542 1847 617 1928 quia
641 1867 740 1909 omne
763 1847 842 1909 illud
865 1868 884 1909 a
907 1867 975 1928 quo
998 1848 1091 1910 aliud
1115 1849 1218 1911 deno

248 1954 399 2029 minatur,
424 1953 523 2016 habet
539 1952 764 2015 habitudinem
786 1950 901 2015 formae
917 1954 1069 2035 quamvis
1090 1954 1217 2017 nonsit

247 2059 361 2124 forma.
387 2052 556 2142 Contingit
579 2067 690 2121 autem
713 2059 835 2141 aliquid
859 2060 1062 2122 denominari
1091 2060 1136 2123 ab
1160 2062 1216 2123 ali-

247 2187 314 2249 quo
338 2168 461 2229 ratione
484 2166 621 2229 actionis
643 2175 676 2228 et
699 2165 731 2227 in
755 2165 879 2228 ratione
901 2166 1041 2246 affectas,
1067 2187 1145 2229 nam
1170 2167 1219 2229 di-

248 2273 351 2336 cimus
374 2274 463 2355 quod
480 2273 563 2354 ignis
578 2271 724 2335 calefacit
739 2272 956 2345 calefactione,
981 2294 1058 2355 quae
1080 2273 1219 2337 calefac-

247 2381 294 2443 tio
318 2401 383 2442 non
407 2389 455 2441 est
490 2378 595 2441 forma
618 2379 712 2462 ignis,
736 2380 794 2442 sed
816 2390 908 2443 actus
932 2380 1147 2461 progrediens
1170 2382 1214 2444 ab

249 2488 333 2568 igne.
360 2485 511 2549 Similiter
541 2486 678 2548 dicimus
710 2486 800 2568 quod
824 2487 919 2548 arbor
950 2484 1045 2549 floret
1068 2486 1216 2561 floribuS,

248 2602 414 2655 ettamen
438 2592 532 2655 flores
563 2613 629 2655 non
652 2602 729 2655 sunt
760 2591 866 2655 forma
896 2593 1030 2667 arboris,
1063 2594 1120 2656 sed
1145 2595 1225 2674 ejus⁴

249 2699 390 2762 effectus.
415 2699 473 2761 Ad
487 2700 688 2780 propositum
713 2686 789 2761 dicit
819 2700 910 2781 quod
938 2699 1079 2782 diligere
1108 2710 1220 2781 potest

248 2806 351 2887 accipi
374 2805 596 2879 essentialiter,
621 2814 654 2868 et
685 2806 730 2867 sic
764 2806 859 2868 Pater
882 2817 914 2867 et
947 2804 1049 2868 Filius
1072 2806 1218 2889 diligunt

250 2934 284 2975 se
307 2914 444 2975 essentia
466 2912 591 2987 divina;
616 2921 723 2993 potest
753 2912 853 2975 etiam
876 2912 978 2993 accipi
1007 2914 1230 2977 actionalitat-

250 3028 283 3081 et
306 3020 351 3082 sic
375 3018 452 3081 nihil
476 3018 563 3081 aliud
586 3028 636 3081 est
658 3019 764 3081 dicere
787 3019 916 3082 Patrem
941 3028 974 3082 et
1005 3018 1127 3085 Filium
1152 3022 1220 3084 dili·

253 3147 328 3207 gere
352 3146 386 3188 se
410 3125 531 3207 Spiritu
557 3124 689 3200 Sanct0,
714 3125 772 3187 nisi
796 3125 917 3208 spirare
941 3124 1064 3207 Spiritu
1084 3126 1219 3191 Sancto.

324 3230 447 3297 Contra
462 3230 520 3293 ltac
535 3232 696 3312 objicitur,
714 3232 790 3313 quia
805 3232 969 3315 adificare
990 3231 1144 3295 distincte
1159 3234 1228 3296 im·-

253 3348 362 3421 portat
386 3358 488 3401 unum
505 3338 681 3401 terminum
702 3338 756 3419 qui
781 3347 829 3400 est
845 3336 1031 3412 aedificium,
1058 3348 1091 3401 et
1107 3349 1221 3404 tamen

254 3466 318 3507 non
343 3455 392 3507 cst
407 3446 490 3507 bene
506 3445 647 3506 dictum:
673 3443 850 3508 aedificator
871 3442 1012 3507 aedificat
1027 3445 1219 3509 aedificium.

254 3552 426 3623 Praeterea,
450 3551 570 3632 spirare
586 3551 767 3613 distinctius
783 3552 938 3633 importat
964 3551 1123 3633 Spiritum
1142 3554 1224 3618 San-

254 3664 345 3715 ctum
368 3674 468 3734 quam
492 3655 634 3736 diligere,
659 3666 692 3717 et
718 3664 828 3719 tamen
852 3657 931 3719 illud
960 3678 1026 3720 non
1057 3667 1107 3720 est
1137 3660 1223 3724 bene

212 3820 218 3833 ,
255 3758 393 3819 dictum:
418 3759 512 3821 Pater
533 3768 567 3822 et
590 3760 691 3823 Filius
714 3762 835 3843 spirent
859 3748 981 3845 Spiritu
1007 3762 1142 3827 Sancto.
