2684 4209
258 216 323 278 266
501 215 576 278 Lm.
599 216 615 278 1
639 214 930 280 Sauraxnnnun

235 420 472 504 Philosophum
496 420 532 482 in
555 420 843 494 Proedicumentis,·
868 441 948 502 ergo
971 441 1074 483 unum
1098 420 1206 483 relati·

236 549 316 590 vum
339 537 387 590 est
411 528 452 590 de
475 527 628 609 primario
651 538 811 609 conceptu
836 527 974 590 alterius.

308 632 548 698 Conclusz'onem
573 634 712 697 istarum
736 634 901 696 rationum
914 643 1027 714 tene03
1048 634 1090 696 ad
1107 633 1205 715 cujus

236 740 434 804 evidentiam
458 750 507 802 est
530 740 712 802 notandum
736 741 826 822 quod
843 741 964 822 aliquid
987 761 1056 803 esse
1079 741 1119 802 de
1136 741 1201 822 pri-

243 847 346 909 mario
369 856 529 928 conceptu
554 847 685 909 alterius
707 857 756 909 est
786 847 965 929 dupliciter,
990 847 1067 928 quia
1096 847 1146 910 vel
1163 855 1202 908 ut

241 954 339 1027 idem,
373 954 456 1015 sicut
486 953 605 1015 animal
636 961 685 1016 est
709 954 749 1015 de
780 964 940 1036 conceptu
973 953 1113 1016 hominis
1137 953 1202 1035 pri-

240 1061 352 1135 mari0,
376 1062 426 1123 vel
452 1069 489 1122 ut
510 1061 616 1132 aliud,
644 1069 676 1122 et
699 1060 754 1122 illo
778 1060 878 1122 modo
902 1081 1004 1123 unurn
1029 1060 1201 1122 relativum

236 1177 286 1230 est
308 1168 349 1229 de
372 1167 526 1249 primario
550 1175 711 1248 conceptu
736 1165 875 1228 alterius,

306 1274 351 1336 Et
374 1293 431 1355 per
444 1273 506 1335 hoc
530 1281 620 1354 patet
642 1274 685 1335 ad
709 1273 848 1335 rationes
871 1273 985 1355 primae
1010 1273 1179 1356 opinionis.

304 1380 363 1443 Ad
375 1381 536 1461 primum,
564 1400 641 1441 cum
664 1378 781 1442 dicitur
804 1381 937 1461 quando
953 1380 1075 1461 aliquid
1091 1389 1140 1442 est
1160 1381 1203 1444 de

239 1486 392 1570 primario
415 1495 575 1567 conceptu
604 1486 733 1548 alterius
756 1486 905 1548 additum
938 1487 988 1549 isti
1027 1485 1105 1549 facit
1142 1508 1202 1550 nu·

239 1594 415 1676 gationem,
438 1593 570 1655 concedo
592 1593 725 1675 quando
748 1603 795 1656 est
823 1594 864 1656 de
888 1604 1048 1676 conceptu
1072 1594 1142 1675 ejus
1166 1602 1201 1655 ut

239 1701 339 1774 idem3
367 1701 423 1762 sed
446 1700 580 1781 quando
602 1707 650 1762 est
666 1699 708 1762 de
720 1705 879 1782 conceptu
897 1700 966 1782 ejus
983 1711 1019 1763 ut
1034 1701 1140 1774 aliud,
1164 1701 1202 1762 si-

243 1816 299 1869 cut
322 1807 363 1868 de
386 1806 534 1879 relativis,
560 1826 625 1868 non
648 1815 697 1868 est
720 1827 844 1868 verum.

307 1913 366 1975 Ad
384 1914 560 1975 secundum
583 1912 657 1974 dico
681 1913 770 1994 quod
795 1914 902 1996 mayor
923 1922 971 1976 est
994 1934 1071 1976 vera
1095 1913 1128 1975 in
1152 1913 1200 1975 his

241 2040 316 2101 quae
340 2019 585 2101 distinguuntur
612 2019 737 2081 realiter
769 2019 912 2106 realitate
949 2020 1105 2096 absoluta;
1145 2021 1201 2083 sed

242 2147 307 2189 non
330 2135 379 2187 est
401 2146 477 2187 vera
499 2125 532 2187 in
556 2125 605 2186 his
627 2145 703 2207 quae
727 2125 972 2208 distinguuntur
989 2127 1134 2189 realitate
1154 2147 1199 2189 re·

241 2232 357 2295 latina.

307 2336 366 2399 Ad
386 2337 516 2400 tertium
540 2337 614 2400 dico
637 2337 753 2400 eodem
779 2338 887 2415 rnod0,
912 2339 1002 2421 quod
1026 2340 1133 2423 masor
1153 2349 1200 2402 est

246 2465 322 2507 vera
344 2444 377 2506 in
400 2444 556 2506 absolutis
580 2465 645 2507 non
670 2443 702 2506 in
726 2445 874 2509 relativis.
955 2519 963 2532 .

309 2657 374 2730 Be
395 2658 586 2724 seeundo
607 2657 810 2724 Artt'culo
832 2667 908 2720 sunt
938 2667 1002 2721 tres
1041 2657 1130 2720 modi
1158 2657 1202 2720 di-

236 2763 345 2827 cendi.

307 2865 417 2937 Ultus
438 2869 621 2956 anteimus
643 2868 774 2938 dt'cens
797 2871 887 2952 quod
911 2871 1009 2934 dictio
1037 2871 1202 2934 exclusiva

241 2977 353 3039 addita
376 2977 431 3051 uni
455 2978 661 3040 relativorum
687 2997 753 3041 non
782 2977 926 3040 excludit
949 2978 1098 3050 alterum,
1127 2977 1203 3058 quia

244 3083 427 3164 Apostolus
450 3084 542 3164 ponit
557 3084 648 3165 quod
670 3085 759 3146 solus
782 3083 875 3146 Pater
900 3083 998 3146 habet
1036 3084 1202 3146 immorta-

244 3190 377 3263 litatem,
401 3189 567 3252 ettamen
592 3210 657 3253 non
681 3189 865 3253 excluditur
882 3189 991 3252 Filius.
1015 3227 1059 3237 —
1083 3190 1203 3254 Proete-

244 3316 299 3358 rea
324 3295 472 3359 Salvator
495 3297 587 3359 dicit:
613 3317 710 3360 nemo
734 3297 824 3360 novit
854 3295 972 3357 Filium
1002 3297 1060 3360 nisi
1100 3297 1203 3369 Pater,

243 3411 278 3465 et
301 3411 411 3464 tamen
435 3422 506 3465 non·
524 3403 710 3465 excluditur
734 3403 843 3476 Filius,
874 3402 951 3484 quia
980 3403 1080 3466 etiam
1105 3403 1205 3465 Filius

245 3508 415 3589 cognoscit
436 3529 480 3572 se.

317 3612 437 3677 Contra
461 3615 554 3678 istud
572 3617 719 3699 arguitur
742 3615 801 3678 sic:
826 3616 1019 3700 principium
1050 3626 1084 3680 et
1122 3616 1204 3699 prin
