2684 4209
77 3 91 58 μ,

77 59 78 125 l

75 132 78 222 l

267 219 334 299 436
531 217 606 280 Lm.
631 218 644 280 Ι
669 217 963 282 Suumurrmuu

243 425 331 488 tibus
354 424 553 487 naturalibus
576 423 721 486 defectus
736 424 792 506 qui
815 425 968 486 eveniunt
985 426 1016 487 in
1034 427 1206 506 particula·

247 533 347 604 ribuS,
372 552 438 595 uon
463 532 660 594 reducuntur
685 530 716 592 in
748 551 879 592 causam
917 533 1129 595 universalem
1153 533 1211 594 sed.

247 641 279 701 in
303 659 415 702 casum
439 638 677 720 particularem.
705 637 914 718 Exemplum,
939 647 1028 720 patet
1052 640 1083 702 in
1097 660 1208 721 corpu·

248 747 336 808 ribus
360 745 581 817 monstruosis„
606 744 638 807 in
663 744 783 826 quibus
806 743 951 808 defectus
975 766 1038 808 non
1052 747 1211 808 reducun-

246 863 299 916 tur
322 853 355 914 in
378 853 511 924 coelum,
535 851 626 933 quod
649 860 698 914 est
737 871 833 914 causa
873 852 1068 924 universalia
1092 853 1151 915 sed
1180 853 1211 915 in

248 981 348 1042 agens
372 960 574 1042 particulare.
600 961 692 1039 Ergo
715 958 861 1020 similiter
878 960 1082 1021 malumsive
1105 959 1217 1022 defec-

246 1077 299 1129 tus
322 1067 428 1148 culpae
453 1087 518 1129 non
543 1067 706 1129 reducitur
739 1067 770 1128 in
796 1065 857 1128 Dei
896 1067 1109 1138 voluntatem,
1136 1088 1210 1147 quae

247 1182 296 1237 est
312 1194 409 1235 causa
425 1174 619 1236 universalis.
633 1173 807 1244 preterea,
825 1173 903 1234 illud
926 1173 968 1234 ad
981 1173 1073 1253 quod
1098 1173 1211 1236 volun·

249 1290 298 1342 tas
322 1280 507 1343 neutraliter
531 1301 565 1342 se
589 1280 697 1352 habet,
722 1280 746 1341 si
760 1279 877 1358 evenit,
895 1299 960 1341 non
977 1279 1083 1341 evenit
1100 1300 1212 1342 secun-

249 1387 329 1449 dum
353 1389 555 1450 voluntatem
580 1387 687 1464 illam;
712 1387 768 1448 sed
793 1387 942 1448 voluntas
966 1386 1074 1448 divina
1088 1396 1215 1448 neutra-

250 1494 319 1556 liter
343 1515 377 1556 se
401 1495 499 1557 habet
522 1495 563 1555 ad
603 1495 726 1555 malum
763 1495 887 1575 culpae;
911 1513 1000 1574 erg0.
1036 1493 1212 1566 Prcetma,

245 1601 352 1682 justus
374 1601 477 1682 judex
502 1621 567 1664 non
589 1600 713 1681 judicat
736 1600 878 1681 aliquem
903 1600 944 1661 de
968 1600 1021 1660 illo
1033 1601 1125 1682 quod
1145 1621 1215 1662 eve·

250 1709 297 1770 nit
320 1708 499 1770 secundum
523 1709 725 1769 voluntatem
748 1706 882 1788 judicis;
907 1707 963 1768 sed
989 1704 1077 1770 Deus
1088 1707 1214 1788 judicat

249 1814 417 1876 hominem
441 1815 482 1876 de
506 1815 593 1876 malo
616 1815 741 1896 culpae;
766 1834 845 1896 ergo
871 1815 993 1875 malum
1014 1814 1122 1896 culpae
1149 1835 1213 1876 non

250 1921 356 1983 evenit
380 1922 559 1984 secundum
584 1922 786 1982 voluntatem
813 1919 883 1982 Dei.

1291 2015 1292 2080 l

1289 2083 1291 2160 l

319 2135 380 2196 Ar)
404 2147 547 2196 Paruum
579 2147 796 2196 mmmmm
827 2135 900 2197 dico
931 2137 1020 2216 quod
1052 2135 1143 2196 aliud
1168 2147 1217 2196 est
1289 2183 1290 2240 1

251 2241 380 2304 evenire
405 2251 527 2322 prater
557 2241 760 2303 voluntatem
794 2242 865 2314 Dei,
897 2251 929 2304 et
952 2242 1039 2304 aliud
1069 2251 1118 2303 est
1143 2263 1215 2303 eve·
1287 2255 1289 2326 l

252 2348 319 2410 nire
341 2357 453 2409 contra
484 2349 688 2409 voluntatem
722 2347 802 2421 Dei;
835 2369 910 2410 nam
935 2349 960 2410 si
993 2349 1135 2410 eveniret
1160 2349 1215 2410 ali-

252 2454 331 2534 quid
368 2463 482 2516 contra
517 2454 720 2516 voluntatem
762 2453 833 2528 Dei,
870 2475 935 2516 non
963 2465 1045 2517 esset
1068 2455 1218 2536 omnipu

252 2570 331 2633 tem,
356 2561 412 2622 sed
436 2581 512 2622 cum
536 2560 658 2641 aliquid
689 2561 797 2622 evenit
820 2571 938 2642 praeter
972 2561 1034 2624 Dei
1067 2561 1215 2623 volunta-

253 2677 330 2740 tem,
355 2688 421 2729 non
446 2667 621 2749 impeditur
644 2667 715 2747 ejus
739 2668 985 2748 omnipotentia.

319 2774 377 2835 Ad
396 2774 571 2836 secundum
599 2774 674 2836 dico
704 2773 787 2836 sicut
811 2773 929 2856 pluries
960 2774 1083 2836 dictum
1109 2783 1158 2835 est
1183 2774 1214 2834 in

253 2880 481 2961 superioribu5‚
514 2881 604 2962 quod
636 2881 786 2942 voluntas
817 2889 849 2943 et
879 2881 1010 2942 scientia
1042 2900 1106 2942 non
1138 2891 1215 2941 sunt

254 2984 428 3049 formaliter
452 2987 555 3062 idem;
569 2987 619 3049 vel
636 2987 816 3049 secuudum
834 2987 922 3060 alim,
941 3007 1005 3048 non
1030 2996 1106 3048 sunt
1127 2986 1214 3048 idem

254 3093 436 3155 secundum
461 3094 618 3155 rationem
646 3093 875 3175 intelligentiae.

320 3199 379 3261 Ad
399 3200 531 3262 tertium
563 3199 738 3262 dicendum
771 3200 860 3281 quod
891 3199 980 3262 aliter
1012 3199 1213 3281 loquendum

253 3316 302 3368 est
326 3306 367 3367 de
389 3306 560 3386 effectione,
589 3316 621 3368 et
644 3305 735 3368 aliter
759 3306 800 3368 de
831 3305 1013 3388 desectione,
1042 3323 1117 3368 nam
1142 3325 1217 3386 pec-

253 3433 328 3474 care
351 3432 417 3474 non
440 3422 489 3475 est
512 3414 637 3476 efficere
660 3413 716 3475 sed
740 3411 886 3475 deficere.
903 3413 1016 3496 Major
1037 3421 1147 3474 autem
1164 3432 1214 3472 ar-

255 3519 403 3597 gumenti
427 3529 475 3580 est
498 3539 574 3580 vera
598 3519 638 3580 de
662 3519 839 3594 effectione,
870 3539 934 3582 uon
957 3528 1065 3580 autem
1098 3517 1140 3580 de
1162 3518 1219 3579 de-

255 3621 402 3684 lectione.
