2684 4209
423 256 583 321 Pnonoc.
610 255 758 337 Quffisr.
783 258 827 319 111
1054 273 1091 334 31

154 374 404 379 -.——--—..-.—
412 374 487 381 ---..-
746 376 846 383 ..-,..
859 374 1120 382 ——--—-—-·—-—

151 482 246 523 nesse
270 462 427 533 accidens
456 472 488 523 et
524 483 589 525 non
625 463 836 525 denominare
870 463 963 554 ii¹¹¹d3
999 463 1057 523 sed
1092 462 1116 524 si

153 588 221 631 non
253 569 377 630 dicatur
409 589 450 629 ex
482 569 598 630 eodem
631 570 761 631 habitus
791 589 861 631 esse
892 570 1052 650 practicus
1085 579 1118 631 et

153 676 344 745 intellectus
369 684 448 737 tunc
472 675 600 737 habitus
624 678 785 757 practicus
808 675 867 738 erit
891 676 922 737 in
951 677 1115 738 intellectu

153 782 364 863 speculativo,
389 791 422 843 et
445 802 510 843 non
535 783 757 845 denominabit
781 782 899 863 ipsum.
925 779 1120 862 Consequen-

154 888 205 949 tia
241 889 407 969 probatur,
446 888 522 970 qnia
554 910 617 950 non
653 890 813 951 existente
850 889 1041 951 extensione
1076 890 1118 949 ad

156 993 256 1055 finem
282 1016 345 1057 non
370 1004 419 1057 est
441 996 619 1057 intellectus
651 997 821 1077 practicus,
853 1005 885 1057 et
909 1016 975 1057 non
1000 996 1119 1077 poterit

159 1100 278 1163 habere
301 1123 360 1184 pro
383 1102 529 1182 subjecto
554 1102 751 1164 intellectum
776 1103 1028 1183 speculativum.

226 1207 294 1270 Sed
313 1210 450 1270 diceres:
468 1230 534 1271 non
550 1218 599 1271 est
615 1210 843 1271 inconveniens
861 1209 1009 1271 habitum
1027 1229 1118 1290 prac-

156 1316 258 1377 ticum
282 1336 350 1377 esse
385 1316 416 1377 in
452 1316 613 1379 intellectu
649 1317 848 1397 speculativo
876 1336 933 1397 per
960 1316 1120 1377 accidens.

154 1422 223 1485 Sed
247 1434 337 1485 actus
361 1423 521 1505 practicus
557 1444 621 1485 non
657 1432 765 1505 potest
798 1443 867 1485 csse
901 1423 932 1485 in
957 1422 1119 1485 intellectu

158 1529 359 1609 speculativo
383 1551 438 1611 per
451 1530 608 1593 accidens.
622 1566 666 1576 -
684 1528 822 1593 Contra:
837 1530 903 1593 Ubi
924 1538 1031 1610 potest
1048 1550 1119 1590 csse

166 1637 306 1705 habitus,
332 1637 373 1698 ibi
398 1646 504 1719 potest
527 1658 595 1699 esse
618 1648 710 1699 actus
732 1659 774 1699 cx
795 1656 826 1699 2.
852 1635 961 1698 Etlzic.
987 1636 1043 1697 sed
1068 1657 1120 1697 ac-

156 1754 211 1805 tus
234 1745 394 1825 practicus
419 1764 483 1805 non
507 1755 614 1825 potest
638 1765 707 1806 esse
730 1745 762 1807 in
786 1744 949 1805 intellectu
974 1744 1118 1823 specula·

156 1851 240 1925 tivo;
265 1871 344 1931 ergo
368 1870 427 1912 nec
450 1850 588 1912 habitus.
610 1850 784 1920 Praeterea,
809 1850 992 1929 subjectum
1017 1849 1121 1931 magis

157 1958 388 2019 denominatur
423 1978 442 2019 a
477 1978 533 2039 per
563 1978 598 2019 se
629 1959 814 2020 conditione
849 1958 897 2018 sui
932 1956 1117 2029 accidentis,

156 2085 260 2145 qnam
285 2086 303 2125 a
327 2065 512 2126 conditione
538 2066 607 2145 ejus
634 2064 837 2139 accidentali;
865 2084 945 2144 ergo
968 2064 994 2124 si
1026 2063 1119 2124 intel·

156 2173 259 2233 lectus
284 2179 390 2251 potest
414 2171 474 2233 dici
498 2172 659 2253 practicus
690 2193 732 2233 ex
760 2171 945 2232 conditione
972 2170 1118 2231 acciden-

156 2278 212 2339 tali
237 2278 285 2338 sui
311 2277 448 2350 habitus
474 2288 552 2359 puta
576 2279 766 2340 extensione
790 2277 920 2340 habitus
943 2278 984 2338 ad
1009 2274 1119 2349 finem,

158 2385 264 2446 multo
290 2384 393 2466 magis
416 2405 458 2446 ex
482 2385 667 2447 conditione
692 2406 747 2466 per
776 2405 809 2446 se
840 2384 898 2445 sibi
934 2383 1119 2455 accidentis,

158 2502 238 2573 puta
261 2512 303 2552 ex
327 2502 417 2567 actu;
442 2492 496 2554 sed
521 2502 611 2553 actus
636 2492 751 2553 dicitur
768 2512 824 2573 per
841 2511 875 2552 se
891 2490 1052 2572 practicus
1075 2510 1118 2550 ex

159 2598 299 2679 objecto,
324 2619 404 2680 ergo
427 2608 459 2660 et
482 2600 670 2661 intellectus.

225 2702 316 2772 Alia
340 2706 397 2771 est
417 2704 546 2790 opimi)
570 2706 698 2767 Henrici
721 2704 836 2781 eredl.
867 2703 901 2767 8.
925 2726 955 2785 q.
980 2722 1010 2766 ι.
1035 2703 1126 2783 qu'od

157 2824 226 2873 tam
259 2810 438 2873 intellectus
469 2833 568 2894 quam
594 2812 723 2873 habitus
747 2813 897 2874 dicuntur
927 2810 1058 2893 practici
1082 2830 1126 2870 ex

145 2920 233 3001 fine.
259 2919 310 2980 De
334 2919 495 2981 r'atellectu
519 2929 608 3000 patet
631 2940 674 2981 ex
696 2938 728 2997 J.
753 2920 792 2980 dc
812 2919 947 2991 Aruina,
972 2917 1026 2979 ubi
1052 2917 1128 2978 dici-

159 3036 211 3087 tur
235 3026 325 3106 quod
349 3026 528 3087 intellectus
550 3026 733 3087 extorsione
756 3025 792 3087 fit
816 3025 986 3106 practicus,
1010 3033 1042 3084 ct
1066 3023 1127 3084 dif-

159 3131 220 3193 sert
243 3154 261 3193 a
285 3133 484 3214 speculativo
492 3133 573 3216 fine.
591 3170 634 3179 -
650 3133 824 3203 Praeterea,
847 3132 1006 3193 medicina
1022 3142 1069 3191 est
1086 3131 1127 3191 de

158 3239 276 3301 eodem
308 3240 469 3320 subjecto;
501 3240 556 3301 sed
592 3241 751 3301 medicina
781 3240 935 3301 dividitur
970 3238 1002 3299 in
1035 3258 1127 3317 prac-

160 3346 257 3407 ticam
282 3356 313 3407 et
337 3348 584 3429 speculativam:
601 3368 680 3429 crgo
702 3347 764 3408 hoc
788 3358 836 3407 est
860 3343 1126 3436 proptcrlfincm.

159 3488 203 3499 -
226 3453 400 3525 Praeterea,
440 3454 571 3517 habitus
606 3454 722 3515 dicitur
757 3453 927 3535 practicus
960 3451 1036 3531 quia
1073 3452 1130 3511 bo-

161 3581 221 3622 nus
256 3563 305 3623 vel
343 3563 446 3623 malus
482 3561 658 3634 moralitcr;
695 3562 751 3622 sed
788 3560 915 3621 bonitas
950 3567 982 3620 et
1007 3560 1129 3619 malitia

160 3668 242 3731 inest
267 3668 393 3730 habitui
417 3690 459 3729 ex
483 3668 734 3734 circumstantia.
759 3677 790 3729 ct
816 3668 896 3728 intcr
927 3686 1042 3728 omnes
1073 3666 1130 3726 cir-
