2684 4209
254 233 440 302 Drsnucr.
470 237 534 300 XL
557 247 589 300 et
613 237 691 300 XLI
715 235 865 317 Qunsr.
891 215 933 300 1'
1021 256 1082 318 401

136 451 227 506 tator
250 463 473 526 personarum,
498 443 592 524 cujus
615 443 813 506 contrarium
839 443 976 507 habetur
993 444 1025 507 in
1042 445 1111 508 Ac-

137 550 229 617 tibus
252 550 502 631 Apostolorum.
533 548 764 632 Consequentia
789 551 955 632 probatur,
980 551 1057 633 quia
1081 553 1110 614 si

137 665 310 742 ponuntur
326 657 394 719 duo
413 657 556 739 aequates
572 657 603 719 in
620 656 831 732 naturalibus,
853 665 886 720 et
902 678 1004 721 unum
1021 678 1105 741 prae-

136 762 291 836 destinat,
320 764 458 825 alterum
485 784 563 826 vero
594 783 671 836 non,
704 762 768 825 hoc
792 784 857 826 non
881 764 1008 827 videtur
1040 784 1111 828 esse

137 869 209 932 sine
232 868 421 951 acceptione
447 883 670 951 personarum.

214 973 343 1039 Contra.
376 977 560 1059 Apostolus
581 979 630 1040 ad
656 979 750 1040 Rom.
775 999 800 1040 c.
825 996 857 1060 9.
880 977 959 1040 dicit
989 979 1031 1041 de
1061 979 1113 1060 Ja-

137 1083 261 1145 cobet
284 1083 383 1146 Esau:
401 1083 486 1147 Cum
510 1085 658 1146 nondum
684 1084 750 1146 nati
773 1094 889 1158 essent,
908 1105 967 1147 nec
987 1084 1110 1167 aliquid

139 1190 220 1253 boni
243 1190 384 1272 egissent
406 1200 464 1252 aut
489 1190 574 1271 mali,
598 1211 641 1253 ex
666 1193 740 1254 Deo
755 1191 1034 1254 vocantedictum
1050 1201 1111 1254 est:

140 1296 247 1377 major
271 1297 388 1359 serviet
412 1297 538 1360 minori,

209 1405 249 1466 lu
273 1416 354 1466 1sm
371 1416 590 1479 Qunsmous
606 1413 655 1466 est
671 1404 768 1468 nimis
791 1404 1001 1467 temerarium
1027 1406 1112 1468 mul-

139 1520 215 1572 tum
239 1510 337 1592 loqui.
363 1510 441 1573 Ideo
464 1511 647 1592 Apostolus
671 1510 707 1573 in
725 1511 831 1593 Epist.
847 1511 896 1574 ad
907 1513 1001 1574 Rom.
1015 1533 1040 1574 c.
1058 1530 1112 1576 ΙΙ.

137 1617 262 1679 clamat
284 1617 317 1680 in
341 1615 406 1679 fine
433 1616 531 1697 hujus
554 1626 720 1680 tractatus:
752 1616 782 1682 O
816 1618 954 1681 altitudo
988 1619 1114 1681 divitia-

141 1743 216 1785 rum
240 1723 406 1805 sapientiae
430 1731 462 1785 et
485 1723 627 1786 scientiae
652 1724 723 1798 Dei,
748 1745 859 1808 quam,
883 1733 944 1787 etc.
969 1725 1015 1788 Et
1037 1725 1112 1788 Au·

141 1830 294 1912 gostinus
314 1841 412 1913 snper
432 1829 551 1894 loun:
577 1829 688 1912 Quare
712 1831 799 1894 hunc
827 1831 935 1894 trahat
957 1842 991 1895 et
1013 1833 1111 1895 istum

140 1957 218 2012 non,
244 1936 309 1998 noli
333 1937 511 2017 dijudicare
533 1938 559 1999 si
583 1958 648 2000 non
672 1938 720 2000 vis
743 1958 857 2000 errare.
883 1939 928 2001 Et
954 1939 1110 2022 Magister

140 2043 221 2105 dicit
244 2043 276 2105 in
300 2043 408 2105 litera:
434 2045 470 2107 ln
495 2043 557 2106 hoc
583 2045 695 2107 melior
723 2053 771 2106 est
794 2044 896 2108 fidelis
926 2045 1108 2128 ignorantia

139 2169 242 2231 quam
266 2151 436 2212 temeraria
459 2150 600 2212 scientia.
626 2150 670 2213 Et
687 2151 850 2232 Propheta
874 2152 961 2215 dicit:
981 2153 1109 2233 judicia

142 2255 206 2317 Dei
229 2256 368 2335 abyssus
392 2257 505 2332 multa;
531 2257 603 2319 ideo
626 2258 809 2320 timendum
838 2269 887 2320 est
915 2279 956 2321 ne
986 2259 1110 2322 curiose

141 2371 328 2444 quaerentes
344 2361 432 2424 hunc
455 2363 623 2442 abyssum,
640 2364 872 2446 demergantur
888 2365 920 2428 in
941 2365 1107 2446 abyssum.

219 2468 313 2532 Circa
344 2468 440 2531 istam
466 2469 563 2551 igitur
593 2469 819 2550 Quaestionem
851 2472 993 2553 procedo
1023 2473 1110 2535 dicta

142 2575 284 2637 aliorum
309 2575 485 2650 recitando
510 2576 587 2638 nihil
611 2579 792 2642 asserendo

214 2677 308 2748 Fuit
337 2681 442 2749 enim
477 2681 686 2769 aliquando
722 2685 832 2766 opinio
868 2685 1048 2768 Augustini
1079 2687 1111 2748 in

141 2788 198 2850 illa
223 2788 415 2871 Quaestione
437 2790 473 2852 in
497 2791 603 2871 Epist.
628 2791 677 2853 ad
692 2793 785 2854 Rom.
811 2793 900 2875 quod
924 2791 1004 2856 fides
1028 2815 1111 2875 prae-

141 2895 226 2958 scita
256 2905 305 2958 est
328 2917 425 2958 causa
457 2898 766 2978 praedestinationis3
800 2900 885 2962 unde
916 2910 1048 2983 propter
1072 2899 1109 2963 fi-

144 3003 223 3064 dem
247 3003 432 3084 praescitam
463 3004 495 3065 in
528 3004 630 3084 Jacob
661 3013 694 3066 et
725 3025 790 3068 non
815 3006 847 3068 in
879 3007 978 3082 Esau,
1007 3007 1110 3087 Jacob

141 3108 280 3190 quidem
298 3110 556 3191 praedestinatus,
582 3111 669 3173 Esau
687 3121 797 3174 autem
823 3114 1022 3194 reprobatus.
1045 3112 1110 3177 Sed

139 3216 280 3297 ipsemet
304 3215 514 3298 Augustinus
538 3216 622 3280 hanc
646 3218 833 3300 opinionem
859 3220 1043 3283 retractavit
1074 3221 1110 3283 in

142 3321 217 3386 Lib.
246 3323 390 3384 Retract.
414 3324 552 3387 innuens
574 3333 690 3387 contra
717 3345 750 3386 se
775 3325 933 3388 rationem
964 3328 1054 3409 quod
1077 3326 1112 3390 fi-

141 3428 203 3492 des
225 3438 275 3491 est
297 3429 422 3492 donum
447 3430 509 3492 Dei
533 3431 615 3493 sicut
646 3440 679 3493 et
702 3432 764 3494 alia
795 3432 881 3495 bona
912 3454 1027 3515 opera;
1054 3455 1111 3497 un-

139 3535 186 3598 de
209 3535 303 3598 dicit:
335 3536 419 3598 Illud
450 3558 516 3600 non
548 3537 702 3600 dixissem
727 3539 751 3600 si
783 3537 882 3602 fidem
914 3541 997 3626 inter
1019 3542 1107 3604 dona

1003 3671 1031 3714 ’Β
