2684 4209
313 302 502 367 Drsrrucr.
527 303 626 365 XXX
651 302 797 384 Quasi.
823 304 837 366 1
999 316 1059 382 325

112 517 238 590 agente
261 516 371 570 autem
395 508 601 589 dependente
622 517 671 571 est
695 527 808 571 verum
836 507 925 589 quod
953 508 1087 569 assumi-

117 622 188 691 tur;
214 614 305 676 Deus
328 624 437 676 autem
461 624 511 677 est
533 635 634 698 agens
657 614 886 696 independens.

188 721 311 783 Eodem
335 722 427 796 modo
449 721 497 784 ad
516 721 615 784 aliud
634 721 708 783 dico
731 721 822 802 quod
846 720 956 783 relatio
974 718 1086 783 lunda-

116 834 153 888 ta
175 826 208 889 in
232 827 415 908 quantitate
439 837 487 890 est
511 828 616 907 realis;
640 828 697 890 sed
727 827 929 909 inaequalitas
958 827 1019 889 Dei
1042 828 1084 889 ad

112 943 283 995 creaturas
306 934 526 1016 principaliter
549 933 703 997 fundatur
727 934 758 996 in
783 934 963 1015 quantitate
984 932 1084 995 virtu-

114 1040 159 1101 tis
182 1038 327 1115 infinitae,
353 1061 428 1123 quae
453 1062 518 1105 non
542 1041 714 1122 dependet.

186 1148 246 1209 Ad
264 1158 420 1229 quanam
448 1148 521 1210 dico
549 1148 640 1229 quod
668 1148 777 1208 Deum
805 1166 875 1209 esse
902 1146 1083 1220 dominum,

119 1262 229 1335 potest
253 1253 387 1337 intelligi
414 1254 584 1336 dupliciter
596 1254 717 1317 scilicet
739 1253 875 1316 relative
890 1261 923 1315 et
937 1252 1085 1315 substan-

113 1359 195 1422 tive.
226 1359 480 1442 Circumscripto
518 1381 597 1442 ergo
635 1361 725 1422 omni
764 1360 937 1433 intellectu,
976 1358 1084 1422 adhuc

119 1466 212 1528 Deus
235 1474 318 1529 esset
340 1468 494 1530 dominus
517 1467 718 1530 substantive
739 1476 900 1548 quantum
922 1467 963 1528 ad
980 1474 1083 1529 totam

117 1573 309 1647 realitatem,
336 1575 393 1636 sed
418 1594 483 1636 non
507 1574 644 1636 relative
665 1574 748 1636 sicut
773 1572 824 1636 hic
851 1573 1017 1654 quaeritur.

188 1675 311 1742 Eodem
335 1681 429 1743 modo
451 1682 499 1743 ad
518 1680 669 1762 quintum
694 1681 735 1743 de
758 1680 1030 1755 denominatione,
1047 1680 1085 1742 si·

114 1795 176 1849 cut
200 1785 338 1849 habetur
370 1787 405 1849 ia
428 1788 575 1868 Repert,
608 1788 742 1869 quando
775 1787 892 1849 dicitur
923 1786 1014 1848 Deus
1036 1796 1084 1849 est

118 1893 246 1955 realiter
268 1894 431 1967 dominus,
455 1894 480 1956 si
505 1894 538 1975 ly
562 1895 695 1956 realiter
717 1894 911 1956 determinat
925 1894 1084 1975 composi-

114 1999 254 2075 tionem,
270 2001 315 2062 sic
330 2010 379 2063 est
397 2021 473 2063 vera
490 2001 679 2083 propositio,
701 2001 777 2082 quia
793 2022 905 2063 verum
923 2010 971 2063 est
994 2000 1084 2082 quod

119 2104 213 2168 Deus
235 2114 284 2169 est
299 2107 463 2179 dominus,
484 2108 509 2169 si
525 2117 635 2170 autem
652 2108 846 2170 determinat
869 2107 1083 2189 praedicatum

118 2213 153 2274 in
177 2212 449 2294 compositionem
474 2215 516 2276 ad
540 2214 660 2289 Deum,
685 2215 832 2277 absolute
856 2214 944 2276 nulla
972 2224 1020 2276 est
1040 2214 1083 2276 ibi

115 2319 256 2393 realitaS,
282 2320 341 2382 nisi
365 2322 505 2382 essentia
527 2322 646 2396 divina3
684 2322 709 2383 si
743 2331 853 2384 autem
890 2320 1084 2383 determinat

120 2425 338 2507 praedicatum
354 2427 502 2489 divinum
528 2428 559 2490 in
575 2429 822 2509 comparatione
844 2428 885 2489 ad
902 2437 1082 2490 creaturam

118 2534 152 2595 in
176 2553 242 2614 qua
266 2544 316 2596 est
338 2534 473 2608 realiter,
498 2535 543 2597 sic
567 2535 658 2598 Deus
686 2535 810 2598 realiter
841 2544 889 2597 est
920 2534 1081 2608 dominus,

118 2640 197 2721 quia
220 2649 367 2703 creatura
383 2641 506 2704 realiter
530 2650 578 2704 est
594 2662 695 2718 serva;
720 2642 775 2704 sed
793 2641 870 2704 nihil
887 2642 970 2704 reale
990 2641 1082 2723 poni-

115 2754 172 2808 tur
195 2746 227 2808 in
253 2747 326 2809 Deo
349 2758 467 2829 praeter
489 2769 582 2811 suam
605 2749 778 2811 essentiam
801 2748 955 2811 divinam.

186 2853 245 2915 Aa
265 2854 420 2916 ultimum
444 2854 517 2918 dico
540 2856 629 2937 quod
653 2855 816 2917 distinctio
840 2854 977 2917 sumitur
1001 2856 1082 2917 duo-

117 2960 180 3023 bus
205 2960 321 3023 modis.
351 2960 430 3024 Uno
461 2962 561 3024 modo
592 2984 649 3044 per
673 2962 875 3043 positionem,
904 2972 936 3023 et
967 2962 1011 3023 sic
1034 2971 1082 3023 est

118 3067 231 3129 relatio
255 3067 356 3129 realis.
381 3068 460 3130 Alio
484 3069 584 3131 modo
600 3090 657 3150 per
680 3068 923 3151 abiregatienem
945 3069 1082 3151 inquan-

114 3182 190 3236 tum
222 3174 286 3236 hoc
310 3174 434 3237 realiter
465 3196 530 3238 non
561 3186 610 3239 est
641 3177 729 3251 illud,
758 3186 791 3239 et
821 3177 882 3239 isto
915 3177 1015 3239 modo
1038 3176 1082 3237 di-

113 3280 248 3343 stinctio
273 3302 338 3343 non
363 3281 440 3344 dicit
472 3282 659 3345 relationem
692 3284 821 3346 realem.
854 3283 940 3345 Inter
972 3283 1081 3345 Deum

113 3397 229 3450 autem
253 3395 286 3449 et
321 3397 502 3451 creaturam
534 3390 621 3452 cadit
651 3391 814 3453 distinctio
845 3390 906 3452 isto
938 3390 1082 3453 secundo

114 3495 219 3557 modo
242 3504 277 3556 et
300 3515 366 3557 non
390 3496 497 3577 primo
520 3497 629 3559 modo.
