2684 4209
392 277 578 340 Disnmcr.
603 277 666 339 V11
690 288 829 352 Quasi.
854 277 867 340 Ι
1051 291 1109 356 145

246 481 366 548 Contra
391 483 488 546 istam
519 481 700 564 opinionem
731 480 878 563 arguitur
908 481 967 544 sic:
999 482 1134 563 Duplex

166 600 221 654 est
261 589 523 653 indeterminatio
562 610 629 650 una
663 596 713 650 est
746 588 903 668 potentiae
938 589 1054 650 activae
1077 589 1133 651 illi·

168 699 294 760 mitatae
318 697 360 758 ad
385 696 492 778 plures
520 695 663 767 effectus,
696 701 733 755 ut
764 703 853 776 patet
883 695 915 756 in
947 695 1028 771 sole;
1059 695 1132 758 alia

167 803 324 886 potentiae
349 803 496 884 passivae,
522 810 558 864 ut
582 811 672 883 patet
695 801 727 862 in
752 802 896 863 materia.
912 801 1007 864 Tunc
1022 803 1133 884 argui·

169 921 222 974 tur
246 911 306 972 sic:
331 909 415 972 Illud
438 909 529 990 quod
553 918 601 970 est
633 908 919 971 indeterminatum
950 907 1135 971 indetermi-

167 1017 300 1080 natione
324 1016 479 1098 potentiae
503 1015 630 1089 activa,
655 1035 721 1077 non
746 1023 875 1097 oportet
899 1015 989 1097 quod
1020 1035 1077 1096 per
1100 1037 1132 1076 a·

169 1124 272 1206 liquid
295 1123 544 1198 determinetur;
568 1122 625 1184 sed
656 1122 794 1183 essentia
824 1121 934 1184 divina
964 1129 1013 1183 est
1044 1121 1131 1184 inde-

167 1231 342 1293 terminata
367 1228 669 1291 indeterminatione
700 1229 855 1309 potentiae
886 1227 1018 1304 activae;
1049 1247 1131 1310 ergo

167 1337 307 1400 essentia
331 1356 398 1398 non
420 1335 658 1397 determinatur
681 1356 738 1416 per
762 1335 960 1397 relationem.

236 1444 408 1514 Praeterea,
439 1441 573 1524 quando
605 1441 727 1522 aliquid
758 1450 807 1503 est
841 1440 1130 1503 indeterminatum

169 1552 212 1614 ad
236 1552 320 1611 duos
343 1550 393 1611 vel
418 1549 526 1631 plures
549 1547 683 1609 effectus
706 1568 771 1610 non
794 1569 838 1610 ex
868 1568 966 1628 aequo
1008 1549 1065 1610 sed
1088 1568 1133 1609 se-

170 1657 318 1720 cundum
349 1655 507 1728 ordinem,
533 1653 639 1735 posito
672 1655 778 1736 priori,
803 1675 845 1716 ex
869 1675 903 1715 se
925 1655 1049 1736 absque
1072 1655 1134 1716 alia

171 1763 443 1826 determinatione
467 1761 619 1843 producit
642 1761 838 1836 secundum;
855 1761 911 1822 sed
932 1762 1070 1823 essentia
1085 1771 1134 1823 est

173 1869 362 1951 hujusmodi
386 1877 533 1950 respectu
560 1867 777 1950 generationis
799 1878 832 1929 et
848 1867 1040 1948 spirationis,
1057 1867 1134 1948 quia

173 1999 229 2060 per
253 1977 342 2059 prius
365 1996 399 2037 se
427 1975 524 2037 habet
555 1974 597 2036 ad
630 1974 872 2055 generationem
880 1995 887 2050 ;
919 1994 998 2055 ergo
1029 1974 1135 2055 posita

173 2083 382 2166 generatione
406 2102 471 2143 non
495 2091 625 2163 oportet
653 2101 774 2162 ponere
805 2080 1000 2162 principium
1032 2082 1135 2143 deter-

173 2192 369 2253 minativum
395 2197 539 2270 respectu
565 2188 759 2270 spirationis.

218 2299 388 2370 Praeterea,
413 2295 552 2358 essentia
577 2305 613 2357 ut
635 2295 783 2367 essentia,
818 2295 1000 2357 secundum
1024 2303 1057 2356 te
1086 2302 1135 2356 est

175 2404 372 2487 principium
396 2402 589 2476 elicitivum;
613 2402 670 2463 sed
694 2401 832 2462 essentia
855 2410 892 2463 ut
915 2400 1052 2462 essentia
1068 2420 1135 2462 non

172 2519 281 2593 potest
304 2507 510 2570 determinari
535 2527 592 2588 per
624 2507 825 2580 relationem,
858 2507 985 2568 dicente
1016 2506 1137 2568 Darna·

173 2637 272 2680 sceno
296 2616 351 2678 lib.
376 2634 405 2678 Ι.
420 2613 644 2696 proprietates
661 2613 775 2695 inquit,
793 2614 1012 2676 determinant
1033 2612 1136 2694 hypo

173 2733 274 2787 stases
299 2743 364 2785 non
388 2731 550 2784 naturam.

242 2936 349 3002 Alto
373 2939 441 3002 eal
467 2933 620 3018 opinio
648 2931 781 3016 Scuta}
806 2954 880 3014 quae
903 2933 1013 3014 primo
1043 2933 1137 3014 ponit

174 3064 276 3106 unam
300 3043 553 3116 distinctionem,
570 3042 706 3104 secundo
722 3041 818 3102 solvit
834 3040 1059 3121 quaestionem.
1076 3040 1137 3102 Di-

173 3151 305 3214 stinctio
328 3158 377 3212 est
400 3149 470 3222 ista,
494 3149 585 3230 quod
610 3148 756 3230 potentia
780 3146 998 3228 multipliciter
1022 3146 1138 3228 accipi-

176 3267 237 3321 tur.
264 3257 343 3320 Uno
368 3255 467 3318 modo
484 3256 630 3336 potentia
654 3255 771 3336 logica,
799 3275 875 3336 quae
899 3253 978 3315 dicit
1002 3274 1067 3315 non
1092 3274 1138 3314 re·

176 3363 394 3446 pugnantiam
419 3361 644 3436 terminorum,
659 3371 697 3423 ut
722 3371 813 3442 patet
836 3379 866 3440 5.
891 3359 1040 3440 Mctnplt.
1056 3360 1137 3422 Alio

175 3472 266 3534 modo
295 3469 451 3551 accipitur
476 3468 623 3549 potentia
654 3477 751 3550 prout
783 3467 993 3549 distinguitur
1023 3475 1138 3529 contra

176 3588 295 3649 actirm,
325 3577 409 3638 sicut
434 3576 552 3637 dicitur
574 3593 605 3658 4.
631 3574 778 3656 Metapli.
803 3575 893 3655 quod
917 3583 1009 3635 actus
1033 3581 1065 3634 et
1082 3593 1138 3654 po

175 3685 276 3746 tentia
300 3683 452 3746 dividunt
475 3703 548 3761 ens;
573 3691 606 3744 et
630 3682 692 3744 isto
716 3682 816 3743 modo
839 3681 926 3743 idem
956 3701 1022 3754 enS,
1047 3680 1137 3762 prius

1031 3792 1058 3832 10
