2684 4209
314 185 499 247 Drsnucn
524 183 633 246 XLIII
657 185 802 267 QuAEsn
828 187 842 249 I
1006 202 1069 266 415

126 391 224 472 quod
247 389 409 452 infinitum
433 389 549 452 dicitur
573 391 748 472 tripliciter.
778 391 845 456 Uno
862 392 953 454 modo
977 393 1094 456 dicitur

133 497 305 571 infinitum,
330 499 420 579 quod
444 517 509 560 non
533 507 580 560 est
604 499 645 559 de
668 519 786 580 genere
809 499 1032 574 transibilium,
1055 501 1093 561 si-

128 615 189 666 cut
211 626 280 666 vox
303 605 419 667 dicitur
444 605 617 677 invisibilis,
642 605 718 686 quia
742 625 807 667 non
831 615 879 667 est
903 607 943 668 de
974 627 1091 688 genere

131 711 315 784 visibilium,
339 720 372 773 et
395 712 456 773 isto
481 712 581 773 modo
613 721 753 791 punctus
788 711 904 773 dicitur
939 711 1091 775 infinitus.

132 819 278 882 Secundo
294 819 388 880 modo
412 818 528 880 dicitur
552 816 724 892 infinitum,
742 819 831 899 quod
848 829 896 880 est
912 819 953 880 de
969 840 1086 900 genere

130 925 353 998 transibilium,
377 934 410 986 et
434 924 532 986 habet
555 925 726 986 transitum
752 925 1087 998 inconsummabilem,

129 1033 214 1094 idest
237 1032 399 1093 difficilem
424 1033 506 1093 sicut
520 1029 722 1111 profunditas
747 1032 852 1095 maris,
876 1032 979 1093 Tertio
1003 1033 1092 1094 modo

126 1139 247 1201 dicitur
271 1137 442 1211 infinitum,
467 1139 557 1219 quod
580 1147 628 1199 est
651 1139 693 1199 de
718 1159 834 1218 genere
865 1139 1089 1212 transibilium,

127 1257 356 1307 verumtamen
369 1245 467 1307 habet
479 1245 650 1306 transitum
663 1245 1000 1319 inconsummabilem,
1014 1246 1091 1326 quia

123 1353 312 1433 simpliciter
328 1361 414 1414 caret
431 1351 503 1413 fine.
522 1351 566 1412 Et
582 1351 622 1412 de
639 1349 765 1412 infinito
782 1351 842 1412 isto
860 1353 960 1413 modo
977 1373 1088 1434 sump-

126 1469 162 1521 to
186 1460 341 1541 quaeritur
365 1459 426 1521 hic.
451 1495 494 1505 —
518 1459 577 1519 His
602 1458 775 1538 praemissis
798 1458 871 1519 dico
900 1460 989 1540 quod
1014 1469 1088 1521 sunt

125 1567 179 1628 hic
214 1568 281 1628 duo
316 1567 464 1627 videnda.
504 1565 629 1636 Prima,
658 1565 683 1625 si
724 1564 814 1625 Deus
846 1574 952 1646 potest
984 1564 1089 1628 iacere

123 1672 288 1735 infinitum
304 1673 484 1734 secundum
502 1671 771 1752 magnitudinem.
798 1669 952 1743 Secundo,
982 1671 1006 1733 si
1032 1693 1086 1753 po-

122 1791 187 1842 test
210 1781 313 1842 facere
337 1778 497 1841 infinitum
522 1778 701 1841 secundum
728 1777 978 1840 multitudinem.

198 1993 422 2079 errantum
446 1994 511 2058 ad
521 1992 725 2076 primum
751 1992 828 2053 dicit
855 2009 935 2058 una
956 1990 1086 2075 opinio

121 2102 214 2182 quod
238 2102 292 2173 sic,
309 2101 385 2182 quia
410 2095 499 2162 Deus
515 2109 622 2181 potest
645 2097 749 2161 facere
765 2099 923 2180 quidquid
942 2119 1006 2161 non
1031 2100 1086 2160 im-

124 2208 221 2290 plicat
234 2207 539 2280 contradictionem
562 2207 618 2267 sod
641 2226 710 2267 esse
726 2205 887 2267 infinitum
905 2205 1084 2266 secundum

124 2315 383 2396 magnitudinem
408 2334 473 2374 non
499 2313 641 2393 implicat
665 2313 972 2386 contradictionem
1004 2333 1084 2394 ergo

123 2422 187 2482 hoc
210 2431 258 2482 est
283 2422 355 2482 Deo
378 2419 526 2483 factibile.
553 2420 708 2481 Probatio
733 2419 886 2480 minoris:
904 2419 1036 2500 quando
1053 2441 1083 2480 a·

124 2529 224 2609 liquid
248 2538 296 2590 est
321 2527 502 2589 indifferens
525 2528 566 2588 ad
592 2528 693 2607 plura,
730 2546 795 2588 non
830 2525 975 2606 implicat
1009 2546 1083 2586 con-

121 2636 348 2697 tradictionem
365 2635 389 2695 si
407 2635 537 2714 ponitur
553 2634 614 2695 sub
630 2634 731 2694 altero
748 2634 894 2707 illornm;
912 2633 967 2693 sed
980 2653 1083 2712 quan-

120 2743 196 2803 titas
219 2752 267 2803 est
291 2741 472 2802 indifferens
496 2740 537 2801 ad
562 2739 723 2800 infinitum
747 2748 779 2800 et
803 2738 999 2809 adfinitum,
1025 2760 1081 2820 per

121 2848 356 2929 Philosophum
370 2867 399 2909 ι.
424 2857 497 2926 et).
522 2846 638 2926 Plrys,·
663 2865 742 2927 ergo
761 2867 826 2907 non
845 2846 986 2925 implicat
1003 2865 1079 2907 con-

119 2956 347 3016 tradictionem
371 2955 396 3016 si
421 2954 551 3034 ponitur
574 2953 635 3014 sub
658 2953 768 3032 aliquo
793 2953 930 3022 illorum,
964 2953 1082 3013 scilicet

117 3062 181 3124 sub
205 3083 274 3123 esse
297 3061 432 3123 infinito
456 3097 500 3107 -
524 3061 696 3130 Praeterea,
715 3059 870 3140 probatur
887 3060 1000 3119 cadem
1023 3059 1080 3119 mi-

120 3191 189 3242 nor,
213 3170 272 3230 sic:
299 3189 363 3230 non
389 3167 534 3248 implicat
557 3166 846 3228 contradictionem
871 3165 1003 3245 quando
1032 3185 1081 3225 su-

118 3275 263 3356 bjectum
287 3276 418 3356 ponitur
441 3275 502 3336 sub
527 3273 656 3355 propria
680 3273 842 3353 passione;
860 3272 914 3332 sed
941 3270 1080 3332 infinitas

114 3392 164 3444 est
188 3383 317 3463 propria
341 3383 446 3463 passio
469 3379 675 3462 quantitatis3
699 3399 789 3460 ergo

186 3485 276 3556 Alia
299 3487 428 3574 opinio
451 3497 499 3549 est
522 3488 563 3548 ad
599 3487 798 3567 oppositum,
834 3485 954 3546 scilicet
990 3484 1080 3564 quod

114 3595 278 3659 infinitum
304 3617 368 3658 non
392 3596 432 3658 sit
456 3593 604 3667 factibile,
629 3594 705 3675 quia
729 3593 818 3674 quod
844 3591 988 3673 implicat
1006 3610 1081 3651 con-
