2684 4209
431 225 618 294 Drsnnca.
644 230 677 292 X
701 228 848 312 QuAEsr.
874 232 889 293 Ι
1073 234 1133 312 187

191 452 392 515 activitatem
418 454 553 534 alicujus
576 455 707 517 alterius
730 455 867 527 virtutis
891 454 948 517 sed
972 456 1028 518 dat
1052 454 1161 518 inten-

177 550 316 622 sionem
348 560 380 623 in
412 582 463 636 se;
495 561 552 623 sed
590 562 751 623 voluntati
782 571 946 644 repugnat
975 562 1159 625 secundum

191 666 349 730 rationem
380 668 564 730 absolutam
600 668 845 731 communicare
879 678 1044 740 naturam,
1080 668 1158 750 quia

192 783 272 836 tunc
283 774 380 835 etiam
397 783 598 856 competeret
613 784 784 850 creaturae3
802 796 891 858 ergo.
915 812 960 823 —
981 775 1159 848 Praeterea,

191 880 278 943 unde
310 882 462 944 voluntas
494 881 594 945 habet
626 882 721 944 istam
753 880 968 944 infinitatem?
993 882 1026 945 Si
1059 881 1161 945 habet

194 1008 237 1050 ex
261 1008 304 1061 se,
328 1008 407 1070 ergo
431 988 553 1071 ubique
577 987 686 1062 habet,
710 990 800 1070 quod
823 997 872 1051 est
896 987 1030 1063 falsum3
1055 989 1080 1051 si
1115 989 1161 1052 ab⁴

191 1095 338 1169 essentia,
364 1115 444 1177 ergo
467 1094 631 1157 concurrit
653 1095 874 1157 coassistentia
887 1104 1023 1158 naturae
1047 1116 1161 1158 secun-

193 1202 274 1263 dum
290 1202 530 1284 praecedentem
548 1202 748 1284 opinionem.

261 1309 319 1370 Ad
332 1308 481 1389 primurn
504 1308 621 1371 dicitur
644 1310 734 1390 quod
750 1309 820 1371 istae
844 1309 1074 1390 productiones
1091 1330 1156 1371 non

189 1414 439 1497 distinguuntur
465 1415 588 1478 ratione
613 1414 793 1499 infinitatis
817 1435 892 1497 quae
919 1424 968 1478 est
1003 1416 1035 1478 in
1070 1417 1160 1497 prin·

191 1520 291 1603 cipiis,
317 1522 374 1584 sed
399 1521 524 1585 ratione
556 1522 717 1585 libertatis
739 1543 816 1604 quae
850 1532 899 1584 est
933 1523 965 1585 in
989 1523 1161 1585 voluntate

190 1636 223 1690 et
246 1628 475 1691 naturalitatis
511 1650 587 1711 quae
622 1638 671 1692 est
705 1630 738 1691 in
769 1630 943 1693 intellectu.
967 1666 1012 1677 -
1038 1630 1096 1691 Ad
1115 1650 1154 1692 sc·

190 1736 333 1811 curidum
349 1756 435 1818 nego
451 1736 627 1817 minorem
645 1757 711 1798 non
722 1736 810 1798 enim
823 1736 1039 1818 repugnantia
1054 1744 1103 1798 est
1116 1736 1160 1798 ibi

192 1842 315 1905 ratione
337 1842 515 1905 voluntatis
543 1852 579 1905 ut
614 1842 668 1916 sic,
694 1844 751 1905 sed
776 1843 898 1905 ratione
933 1842 1087 1905 libertatis
1110 1863 1165 1905 su-

192 1949 416 2030 pervenientis,
429 1986 474 1997 —
485 1950 543 2013 Ad
552 1949 684 2012 tertiam
697 1949 771 2011 dico
786 1949 878 2031 quod
890 1949 1042 2011 voluntas
1062 1949 1160 2012 habet

189 2053 381 2118 infinitatem
409 2055 696 2118 fundamentaliter
712 2056 755 2117 ab
778 2055 925 2129 essentia,
949 2063 981 2117 et
1012 2056 1056 2118 sic
1092 2054 1162 2118 fun-

190 2162 418 2225 damentaliter
441 2162 485 2225 ibi
510 2162 663 2245 requitur,
689 2163 745 2224 sed
761 2160 939 2224 formaliter
955 2160 1054 2224 habet
1076 2184 1096 2224 a
1116 2184 1163 2229 se.

260 2265 457 2353 Quantum
480 2266 534 2336 ad
547 2266 757 2337 secuudum
773 2264 932 2335 dubriam
944 2266 1162 2353 principale

191 2376 281 2438 istius
297 2375 435 2438 Articuli
449 2376 522 2439 dico
538 2377 628 2458 quod
645 2374 817 2458 productio
835 2375 974 2458 Spiritus
991 2375 1100 2438 Sancti
1113 2386 1161 2437 est

191 2482 377 2547 necessaria.
401 2483 515 2557 Proba,
532 2484 609 2566 quia
625 2503 755 2546 summe
771 2482 914 2565 perlecto
931 2481 1083 2545 convenit
1108 2502 1168 2543 no*

191 2590 346 2652 bilissima
373 2590 564 2672 productio;
601 2591 657 2653 sed
694 2590 866 2671 productio
902 2589 1080 2652 necessaria
1114 2599 1162 2651 est

191 2696 389 2760 nobilissima
400 2717 407 2772 ;
433 2718 523 2779 ergo.
549 2734 594 2745 -
617 2696 790 2771 Praeterea,
808 2716 939 2759 necesse
962 2716 1031 2758 esse
1046 2696 1071 2757 si
1088 2716 1166 2777 pro-

189 2804 331 2878 ducitur,
357 2805 538 2865 necessario
566 2804 774 2885 producitur;
792 2803 849 2865 sed
866 2802 1007 2884 Spiritus
1023 2802 1166 2866 Sanctus

189 2919 241 2973 est
262 2930 393 2973 necesse
408 2930 495 2984 esse;
513 2931 593 2992 ergo
617 2910 797 2972 necessario
814 2908 1016 2992 producitur.
1034 2910 1166 2971 Notan-

188 3017 267 3079 dum
295 3026 408 3079 autem
432 3017 523 3098 quod
547 3016 600 3077 illa
624 3016 796 3078 necessitas
820 3036 886 3078 non
910 3024 959 3078 est
987 3015 1164 3077 coactionis

148 3142 151 3149 ·
193 3123 249 3186 sed
273 3132 321 3185 est
345 3123 499 3186 naturalis
523 3122 811 3196 determinationis,
844 3122 894 3185 vel
922 3122 1103 3185 secundum
1132 3142 1167 3183 a·

191 3230 306 3311 liquos
331 3230 492 3312 requisitae
522 3228 737 3311 perfectionis
773 3230 856 3291 sicut
890 3229 1079 3311 expositum
1114 3238 1165 3290 est

191 3358 300 3419 supra,
324 3337 414 3400 Dist.
437 3335 469 3400 6.
493 3347 556 3400 art.
586 3356 617 3399 2.

263 3442 332 3507 Sed
350 3442 460 3507 adlruc
483 3454 628 3506 remanet
649 3443 786 3506 dubium
811 3444 981 3525 qnomodo
1015 3442 1076 3505 ista
1112 3462 1160 3504 ne·

189 3551 322 3614 cessitas
345 3558 407 3613 stet
432 3570 508 3613 cum
540 3550 696 3626 libertate;
721 3550 853 3632 ponitur
887 3550 975 3612 enim
1010 3550 1167 3612 voluntas
