2684 4209
233 224 296 304 238
520 223 594 287 Lu.
620 224 633 287 Ι
658 223 952 289 Sanrsurmnuu

207 428 279 493 fieri
295 450 362 493 non
385 437 493 512 potest
516 448 591 491 cum
614 450 681 492 non
704 429 770 493 sint
791 439 856 493 tres
879 430 923 493 ibi
950 429 1072 513 gradus
1097 450 1181 511 quo

211 557 315 618 usque
338 543 440 599 cesset
463 535 506 598 ibi
530 555 599 598 esse
622 536 711 617 prior
735 537 830 599 calor.

284 641 390 705 Tertio
412 641 474 704 sic:
500 641 552 703 Eo
577 642 680 705 modo
703 642 852 706 concedit
875 641 1094 725 Philosophus
1109 663 1182 706 mo

209 759 283 813 tum
307 748 340 812 in
363 747 584 811 accidentibus
607 768 676 829 quo
700 758 800 831 negat
821 769 898 811 eum
922 749 954 812 in
977 749 1178 825 substantiis3

208 858 269 921 sed
293 866 402 920 motus
427 866 599 939 negatura
622 855 811 919 substantiis
834 876 891 938 per
907 854 970 918 hoc
993 858 1084 938 quod
1104 856 1180 919 sub

212 964 331 1027 stantia
354 985 420 1027 non
438 972 557 1039 manet,
573 985 617 1027 ex
629 982 663 1047 5.
689 962 789 1044 Phys.
800 986 816 1035 ,·
833 982 913 1045 ergo
936 962 968 1025 in
986 971 1078 1025 motu
1099 983 1180 1045 aug-

214 1070 422 1134 mentationis
438 1070 623 1151 subjectum
640 1070 738 1132 debet
761 1089 901 1131 manere.
926 1104 971 1116 —
994 1067 1179 1153 Confirma-

206 1187 270 1241 tur
292 1197 349 1260 per
373 1176 609 1259 Philosophum
634 1195 663 1239 τ.
696 1177 735 1239 de
770 1174 1004 1238 Generatiunc:
1036 1184 1177 1257 oportet,

214 1284 328 1366 inquit,
345 1283 470 1346 salvare
493 1282 653 1346 rationem
670 1292 705 1345 et
725 1282 898 1345 essentiam
914 1292 947 1345 et
969 1282 1178 1345 existentiam

206 1390 284 1472 ejus
307 1391 398 1471 quod
420 1398 568 1472 augetur.
598 1390 642 1451 Et
674 1389 795 1452 ibidem
819 1389 897 1451 dicit
927 1389 1018 1472 quod
1048 1396 1180 1471 oportet

207 1506 348 1559 auctum
375 1516 514 1559 manere.

286 1600 412 1678 Quarto
434 1602 495 1664 sic:
522 1602 650 1665 Eodem
680 1601 822 1677 instanti,
843 1623 910 1685 quo
940 1601 1065 1665 elicitur
1087 1611 1181 1664 actus

210 1708 407 1782 meritorius
433 1718 540 1791 potest
579 1709 670 1772 Deus
705 1709 896 1772 charitatem
927 1729 1065 1791 augere;
1100 1729 1182 1791 ergo

216 1816 268 1878 ille
302 1824 394 1878 actus
429 1816 654 1898 praesupponit
694 1816 896 1878 charitatem.
931 1816 1027 1878 Tunc
1065 1836 1182 1898 quaero

208 1922 428 2005 ·quam,‘quia
452 1942 516 1984 non
540 1922 767 2005 praesupponit
789 1923 876 1984 illam
901 1942 1021 1984 novam
1053 1932 1181 2005 partem

215 2050 292 2111 quae
316 2028 491 2110 acquiritur
515 2050 575 2111 pro
597 2030 751 2113 eoquod
775 2050 849 2111 pars
880 2028 932 2090 illa
963 2028 1108 2111 sequitur
1131 2049 1184 2091 ac-

216 2144 299 2210 tum,
324 2136 407 2198 sicut
431 2136 605 2217 praemium
629 2136 775 2217 sequitur
799 2136 969 2213 meritum3
993 2155 1073 2219 ergo
1097 2156 1183 2218 prae-

214 2242 374 2324 supponit
389 2242 477 2304 illam
495 2264 570 2324 quae
587 2242 827 2324 praeexistebat,
850 2251 883 2304 et
899 2262 956 2324 per
979 2262 1184 2325 consequens

218 2369 284 2411 non
308 2349 537 2431 corrumpitur,
562 2349 638 2431 quia
654 2350 731 2412 alias
747 2350 779 2412 in
802 2350 919 2411 eodem
944 2349 1074 2412 instanti
1098 2358 1184 2412 esset

210 2464 251 2519 et
274 2475 339 2519 non
363 2465 455 2518 esset.
635 2538 637 2543 Α

263 2562 322 2624 Ad
352 2573 548 2645 argumenta
576 2563 698 2644 primoe
721 2562 882 2644 opinionis
904 2563 978 2625 dico
1009 2562 1099 2645 quod
1122 2570 1185 2625 ter·

219 2668 298 2731 mini
325 2678 433 2731 motus
464 2679 540 2731 sunt
571 2669 848 2752 incompossibiles
879 2670 1060 2732 secundum
1091 2669 1184 2750 quod

218 2774 342 2838 habent
365 2776 624 2858 oppositionem;
648 2777 705 2839 sed
730 2777 851 2858 gradus
881 2775 931 2838 isti
963 2796 1029 2839 non
1061 2774 1185 2837 habent

218 2882 460 2963 oppositionem
485 2882 610 2945 ratione
630 2883 773 2946 entitatis
796 2882 954 2965 positivae,
978 2884 1035 2945 sed
1060 2882 1185 2945 ratione

220 2988 410 3071 privationis
433 3009 508 3071 quae
533 2989 758 3052 includebatur
782 2989 814 3051 in
838 2990 942 3073 gradu
975 2988 1183 3071 praecedenti,

213 3103 255 3157 et
279 3096 424 3158 concedo
448 3096 537 3178 quod
561 3095 613 3157 illa
637 3096 776 3178 privatio
800 3116 865 3158 non
891 3103 1011 3157 manet.

289 3202 347 3265 Ad
367 3201 541 3264 secundnm
573 3202 646 3265 dico
670 3204 760 3285 quod
790 3202 1016 3285 augmentatio
1046 3222 1112 3264 non
1135 3211 1185 3264 est

220 3307 333 3370 similis
358 3308 461 3371 motui
486 3309 577 3371 locali
601 3309 798 3391 simpliciter;
823 3310 879 3373 sed
903 3318 951 3372 est
982 3308 1094 3371 similis
1117 3328 1188 3371 mo

221 3414 271 3477 tui
295 3414 388 3477 locali
410 3414 467 3497 qui
491 3424 540 3478 est
562 3416 603 3477 de
635 3416 707 3478 loco
731 3415 848 3479 minori
878 3415 921 3478 ad
945 3417 1053 3479 locum
1082 3415 1187 3495 majo·

223 3541 302 3583 rem.
328 3521 373 3585 Et
388 3520 461 3584 ideo
484 3522 567 3585 sicut
590 3522 723 3604 quando
746 3522 862 3605 aliquis
885 3530 1034 3585 movetur
1056 3522 1097 3584 de
1112 3522 1188 3584 loco

223 3627 341 3691 minori
365 3629 407 3691 ad
431 3628 539 3691 locum
564 3629 722 3710 majorem
751 3650 816 3692 non
848 3628 1067 3713 corrumpitur
1098 3628 1188 3710 prior
