2684 4209
240 314 282 392 38
512 313 586 375 Lm.
612 314 625 376 Ι
650 312 944 376 Sannaunninun

220 537 300 578 vum
333 516 454 581 habent
485 517 682 581 contrarium
715 518 852 579 modum
884 518 916 579 in
953 515 1181 599 specificando.

220 623 313 705 Ergo
335 623 517 706 Theologia
543 606 613 686 'una
644 624 786 687 existens
814 624 945 686 scientia
977 644 1043 685 non
1075 634 1187 706 potest

146 736 148 741 '
219 751 289 793 esse
314 732 454 813 practica
478 742 510 793 et
534 732 741 813 speculativa.

288 839 456 912 Praeterea,
482 839 585 918 major
603 838 905 918 incompossibilitas
928 848 976 899 est
993 838 1074 900 inter
1091 858 1182 919 prac-

218 944 321 1005 ticum
345 953 378 1007 et
401 945 647 1026 speculativum,
672 966 771 1025 quam
798 945 878 1007 inter
902 946 1050 1006 naturale
1065 956 1097 1007 et
1117 966 1183 1007 me·

219 1051 444 1132 taphysicum;
469 1052 524 1113 sed
549 1052 746 1132 impossibile
762 1062 809 1113 est
827 1072 928 1113 unum
946 1052 1094 1115 habitum
1110 1072 1179 1113 csse

222 1160 402 1221 naturalem
431 1168 463 1221 et
493 1158 770 1240 metaphysicu1n;
799 1179 878 1239 ergo
907 1159 1103 1240 impossibiie
1134 1170 1184 1219 est

220 1265 319 1326 etiam
345 1285 444 1327 unam
469 1266 635 1327 scientiam
659 1285 728 1327 esse
752 1266 926 1345 practicam
955 1276 987 1328 et
1016 1266 1184 1347 speculati-

218 1392 307 1433 vam.
332 1372 450 1434 Minor
471 1382 574 1453 patet;
601 1373 708 1453 major
739 1372 908 1453 probatur:
938 1373 1024 1434 Nam
1054 1371 1187 1433 habitus

218 1478 382 1552 dividitur,
401 1480 514 1559 primo
538 1479 593 1541 sni
614 1479 775 1541 divisione
806 1480 837 1540 in
856 1480 1039 1559 praclicnm
1063 1489 1095 1541 et
1118 1490 1184 1559 spc-

218 1585 417 1659 cnlotivum,
442 1607 484 1647 ex
522 1604 552 1648 2.
586 1585 733 1666 silotopli.
771 1586 900 1647 habitus
935 1596 1045 1648 autem
1078 1597 1184 1667 specu-

221 1692 347 1754 latinns
375 1692 539 1767 dividitur,
563 1693 758 1755 secundario
774 1693 945 1765 divisione,
966 1693 998 1755 in
1019 1691 1185 1774 ntetoploy-

221 1798 337 1871 sicum,
365 1808 397 1861 et
429 1798 699 1862 motlaeonmticznn
723 1809 756 1861 et
786 1800 970 1861 naturalem
994 1820 1037 1861 ex
1057 1799 1087 1862 6.
1112 1801 1184 1861 Mo-

221 1903 311 1986 taplz.
339 1905 435 1967 Nunc
459 1915 569 1967 autem
592 1906 695 1986 major
712 1905 1016 1987 incompossibilitas
1031 1915 1079 1968 est
1102 1906 1185 1968 inter

213 2011 331 2091 primo
355 2012 551 2083 dividentia,
580 2033 679 2093 quam
704 2012 786 2074 inter
820 2013 971 2084 secundo,
1007 2012 1084 2093 quia
1115 2033 1184 2073 ma-

221 2118 271 2200 gis
294 2128 517 2198 opponuntur.

289 2220 355 2289 Ad
373 2222 546 2308 prinlum
570 2242 686 2291 suznn
711 2224 784 2286 dico
808 2226 897 2306 quod
914 2246 979 2287 non
996 2226 1090 2296 vaiet,
1107 2225 1184 2306 quia

220 2340 299 2392 tunc
323 2330 467 2412 sequitur
491 2332 580 2411 quod
613 2331 837 2411 metaphysica
867 2341 949 2393 essct
980 2332 1121 2412 practica
1151 2343 1186 2393 et

220 2436 420 2517 speculativa
442 2437 518 2518 quia
542 2438 611 2518 ejus
634 2438 819 2518 subjectum
843 2449 891 2500 cst
914 2459 971 2500 ens
987 2438 1183 2519 inquantum

221 2562 288 2615 enS,
313 2552 346 2604 et
369 2564 426 2605 ens
451 2543 643 2625 inquantum
675 2566 732 2606 ens
755 2545 1004 2627 comprehendit
1034 2566 1092 2609 ens
1115 2564 1185 2626 spe-

222 2649 361 2712 culabile
384 2659 416 2712 et
440 2671 497 2713 ens
521 2652 694 2732 operabilc.

293 2750 440 2841 Quarta
470 2756 601 2841 opinio
630 2761 689 2824 est
715 2754 890 2825 Doctoris
926 2757 1052 2825 nostrl
1084 2779 1185 2839 quem

222 2882 350 2943 sequor,
374 2872 407 2925 et
423 2864 588 2945 praemitto
604 2866 758 2946 quandam
775 2866 861 2926 dicta
878 2866 908 2926 in
920 2866 1034 2947 prima
1056 2877 1180 2947 quaest„

222 2969 343 3032 scilicet
365 2971 456 3051 quod
479 2980 527 3033 est
551 2971 732 3054 Theologia
756 2972 1008 3034 necessariortnn
1028 2984 1060 3035 et
1080 2971 1185 3034 Theo

223 3076 310 3157 logia
333 3077 591 3159 contingentium
602 3102 616 3151 ,·
642 3079 729 3151 item,
753 3090 801 3139 est
829 3078 1009 3161 Theologia
1025 3080 1060 3141 in
1091 3100 1123 3141 se
1152 3090 1186 3141 et

221 3180 403 3265 Theologia
417 3184 451 3245 in
465 3184 562 3245 nobis.
578 3185 638 3246 Hic
655 3195 765 3247 autem
784 3206 849 3246 non
864 3186 1004 3267 loquitur
1019 3186 1061 3248 de
1081 3185 1189 3247 Theo·

223 3288 309 3369 logia
333 3289 364 3351 in
389 3290 551 3352 intellectu
574 3290 699 3362 diuino,
728 3290 868 3372 quiade
892 3292 943 3352 illa
959 3292 1018 3354 erit
1039 3292 1189 3373 specialis

223 3414 331 3457 sermo
354 3395 436 3460 infra
459 3398 534 3459 dist.
563 3416 619 3479 ᾖ.
653 3398 736 3459 Dico
759 3419 838 3479 crgo
862 3408 927 3459 tres
949 3399 1183 3461 conclusiones:

289 3497 432 3569 Prima
456 3514 504 3565 est
536 3506 624 3586 quod
661 3504 840 3587 Theologia
869 3506 1119 3567 necessariorum
1151 3506 1186 3568 in

223 3607 385 3670 intellectu
410 3621 528 3683 creatu,
553 3622 620 3672 tam
645 3612 742 3673 beato
764 3633 864 3693 qnam
895 3632 959 3674 non
985 3612 1091 3684 beato,
1116 3621 1185 3674 tam

223 3715 372 3797 angelico
400 3736 500 3797 quam
533 3716 689 3792 humano,
713 3732 761 3780 est
792 3719 941 3800 practica.
974 3719 1095 3781 Probo:
1128 3720 1190 3804 Illa
