2684 4209
376 246 562 309 D1snucr.
588 244 620 307 X
644 242 791 325 Qunam.
816 243 830 305 Ι
1014 244 1072 321 185

151 470 258 533 quam
289 450 485 533 intelligatur
517 450 636 513 habere
666 450 864 532 productum
888 447 1118 529 adaequatum,

153 566 264 639 potest
291 558 480 639 producere,
512 566 545 619 et
567 558 592 619 si
615 564 664 619 est
695 576 824 618 necesse
846 575 915 617 esse
939 553 1118 617 necessario

156 664 318 746 producit,
351 663 416 728 Sed
451 664 483 726 in
521 663 593 727 Deo
616 671 664 725 est
695 664 847 725 voluntas
870 661 1027 724 soecunda
1060 660 1122 723 sub

156 771 283 833 ratione
306 770 452 853 principii
476 769 661 852 productivi
684 790 726 831 ex
734 769 871 851 praeced.
896 768 1001 831 Artic.
1018 776 1051 829 et
1074 777 1123 830 est

154 898 286 941 necesse
309 897 391 952 esse;
415 898 495 960 ergo
519 875 642 939 habens
665 896 739 938 eam
760 875 942 937 necessario
966 875 1120 956 producit

157 984 220 1046 isto
244 984 354 1059 mod0,
379 984 661 1065 quemadmodum
693 984 845 1045 voluntas
876 980 967 1045 finita
999 980 1123 1044 habens

153 1090 325 1171 objectum
347 1091 488 1153 amabile
518 1089 647 1152 finitum
671 1098 704 1151 et
732 1090 945 1171 adaequatum
970 1087 1125 1170 producit

153 1216 304 1260 amorem
329 1195 467 1269 finitum,
492 1198 536 1259 ita
559 1197 711 1259 voluntas
726 1194 851 1258 infinita
881 1196 965 1257 sicut
987 1202 1038 1257 est
1068 1214 1124 1257 vo-

159 1304 267 1366 luntas
297 1303 405 1366 divina
437 1304 560 1366 habens
590 1303 757 1383 objectum
781 1302 921 1365 amabile
949 1300 1124 1377 infinitum,

158 1408 312 1491 producit
345 1430 492 1472 amorem
535 1408 698 1472 infinitum
731 1409 959 1489 adaequatum.
988 1408 1053 1472 Sed
1080 1408 1126 1469 in·

159 1514 291 1577 finitum
314 1524 363 1578 est
387 1536 444 1598 per
467 1536 501 1579 se
524 1516 702 1579 subsistens
724 1524 757 1578 et
788 1514 886 1577 habet
909 1535 1056 1577 amorem
1081 1513 1126 1576 in·

159 1620 291 1685 finitum
316 1642 429 1703 perse
453 1622 697 1685 subsistentem:
722 1620 810 1684 hune
833 1641 980 1683 amorem
1012 1641 1068 1703 per
1091 1641 1127 1683 se

154 1728 391 1793 subsistentem
415 1729 489 1791 dico
514 1728 671 1811 Spiritum
697 1728 866 1792 Sanctum.

227 1836 287 1898 Ad
299 1836 449 1916 primum
473 1835 604 1897 alterius
635 1835 797 1917 opinionis
818 1855 905 1917 nego
929 1834 1126 1917 majoremsi

161 1941 349 2024 intelligitur
365 1942 457 2005 omm'
471 1942 571 2015 modu,
593 1942 669 2023 quia
694 1941 726 2003 in
743 1942 837 2003 nobis
854 1962 910 2023 per
926 1940 1126 2003 intellectum

154 2056 194 2111 et
216 2048 420 2113 voluntatem
445 2028 635 2131 producitur
659 2048 781 2129 aliquid
803 2047 975 2120 inhaerens,
997 2048 1029 2115 in
1054 2048 1127 2110 Deo

157 2163 273 2217 autem
297 2154 419 2235 aliquid
435 2154 619 2217 subsistens.
638 2154 683 2215 Et
706 2153 824 2216 iterum
840 2154 919 2215 dato
934 2154 1024 2236 quod
1044 2163 1128 2215 esset

162 2281 248 2333 vera,
272 2270 505 2343 argumentum
529 2270 612 2323 esset
628 2269 744 2323 contra
766 2280 831 2334 eos,
849 2260 934 2322 sicut
956 2268 1048 2341 patet
1070 2280 1127 2341 per

162 2366 351 2431 instantiam
375 2366 494 2429 iactam
519 2368 561 2429 de
583 2368 701 2429 calore.

229 2474 288 2537 Ad
307 2475 483 2537 secundum
507 2474 581 2536 dico
604 2473 695 2556 quod
718 2474 869 2535 voluntas
885 2481 1032 2555 respectu
1056 2493 1129 2554 pro-

161 2581 326 2643 ductionis
347 2582 397 2644 ad
417 2580 508 2655 iutra
535 2589 584 2643 est
615 2581 830 2643 determinata
861 2579 905 2642 ad
936 2599 1051 2641 unum.
1083 2580 1128 2641 Et

158 2708 240 2751 cum
264 2688 344 2750 dicis
367 2688 458 2769 quod
481 2696 557 2749 sunt
573 2686 734 2769 opposita,
750 2688 898 2750 concedo
914 2694 1060 2768 respectu
1077 2706 1130 2749 eo

165 2815 238 2857 rum
263 2815 339 2876 quae
362 2794 509 2859 suntad
529 2804 634 2857 extra.

230 2902 290 2964 Ad
302 2902 434 2964 tertium
451 2902 525 2963 dico
541 2901 631 2982 quod
655 2911 789 2984 propter
805 2899 997 2964 infinitatem
1014 2900 1130 2963 identi-

162 3004 302 3071 ficantur
325 3008 436 3071 omnia
460 3008 584 3070 realiter
609 3008 641 3069 in
659 3008 742 3081 Deo,
763 3019 795 3071 et
812 3010 884 3071 ideo
901 3029 957 3091 per
973 3007 1026 3070 illa
1043 3009 1129 3090 prin-

157 3114 246 3196 cipia
270 3114 556 3177 communicantur
573 3116 718 3195 personis
735 3116 850 3179 divinis
873 3116 1039 3199 productis
1063 3136 1131 3178 om-

164 3240 221 3284 nes
245 3219 467 3303 perfectiones.

231 3434 296 3500 Be
318 3439 480 3518 quarto
503 3434 705 3502 Arll'culo
724 3444 900 3498 occurrunt
928 3436 995 3497 duo
1020 3435 1130 3497 dubia.

161 3539 316 3603 Primum
340 3542 511 3622 quomodo
540 3543 691 3604 voluntas
725 3542 835 3605 divina
858 3541 899 3603 sit
930 3542 1128 3622 principium

159 3648 428 3711 communicandi
468 3658 617 3711 naturam
650 3670 726 3711 cum
763 3648 825 3711 hoc
864 3670 930 3711 non
961 3657 1130 3730 competat
