2684 4209
260 256 322 332 3²8
521 253 596 319 Lm.
619 254 635 314 1
659 252 952 316 Snurnnrmnuu

233 458 275 518 ad
300 458 420 531 Deum,
444 457 500 519 sed
524 478 589 519 non
614 477 810 519 econverso.
829 456 920 539 Ergo
938 456 1028 519 Deus
1044 456 1196 518 terminat

235 564 322 625 illam
346 563 533 626 relationem
553 564 618 626 sub
643 564 765 625 ratione
788 562 937 626 absoluti.

193 716 202 732 .
298 672 467 742 Praeterea,
490 680 548 733 aut
572 636 662 733 Deris
686 670 839 733 terminat
855 690 983 734 ‚novam
1005 669 1191 732 relationem

230 787 387 840 creaturae
403 778 445 839 ad
468 778 575 860 ipsum
599 777 661 839 sub
685 776 809 839 ratione
825 775 981 849 absoluta,
1004 775 1055 838 vel
1071 777 1133 837 sub
1149 796 1195 837 ra-

231 885 319 946 tione
341 884 492 947 relativa.
511 883 544 947 Si
561 884 669 965 primo
691 884 800 956 modo,
819 882 957 945 habetur
979 883 1191 965 propositum.

232 990 265 1054 Si
281 990 424 1052 secundo
441 991 550 1064 modo,
567 1000 625 1052 aut
641 990 692 1052 ille
708 998 871 1071 respectus
887 999 936 1051 est
957 990 1069 1051 relatio
1084 990 1190 1061 realis,

231 1105 264 1159 et
291 1097 354 1158 hoc
377 1117 453 1172 non,
478 1105 514 1159 ut
537 1106 627 1178 patet
652 1117 696 1158 ex
721 1097 858 1177 proeced.
888 1094 1034 1171 Quoest.,·
1066 1105 1124 1158 aut
1145 1105 1190 1157 est

230 1203 342 1265 relatio
357 1204 505 1277 rationis,
522 1212 555 1265 et
571 1202 634 1265 hoc
651 1224 727 1277 non,
744 1204 821 1285 quia
838 1203 887 1265 vel
903 1213 987 1265 esset
1004 1224 1062 1284 per
1082 1212 1187 1264 actum

231 1309 411 1372 intellectus
434 1310 542 1383 creati,
572 1310 621 1372 vel
646 1318 837 1391 peractum
869 1309 1051 1371 intellectus
1082 1309 1187 1381 divini;

231 1436 296 1479 non
321 1416 427 1497 primo
451 1417 560 1492 modo,
585 1416 661 1498 quia
685 1417 763 1478 dato
786 1417 876 1497 quod
901 1417 1008 1479 nullus
1035 1425 1118 1478 esset
1145 1416 1188 1476 in-

229 1522 375 1585 tellectus
405 1532 532 1585 creatus
561 1523 670 1585 adhuc
694 1532 841 1585 creatura
872 1523 1030 1586 diceretur
1063 1522 1188 1585 relative

229 1630 271 1690 ad
295 1630 415 1704 Deum;
440 1650 506 1691 non
529 1629 627 1692 etiam
651 1630 795 1691 secundo
821 1630 929 1704 modo,
954 1630 1032 1711 quia
1055 1639 1133 1691 tunc
1148 1628 1188 1689 in·

228 1736 374 1797 tellectus
397 1735 525 1797 divinus
547 1745 631 1798 esset
658 1736 830 1810 mutabilia,
863 1747 899 1800 ut
929 1737 1128 1819 arguebatur
1157 1736 1186 1797 in

224 1841 361 1922 proeced.
391 1840 509 1917 Quaest.

295 2055 355 2118 Ao
394 2070 537 2119 rnruuu
562 2067 779 2118 rnrucrpnun
804 2056 877 2118 dico
900 2056 990 2137 quod
1015 2076 1076 2137 pro
1099 2066 1188 2119 tanto

228 2182 293 2223 non
316 2171 424 2244 potest
447 2184 515 2225 esse
538 2182 658 2235 servus»,
684 2162 741 2224 nisi
767 2162 807 2223 sit
830 2162 992 2235 dominun,
1024 2163 1102 2244 quia
1132 2164 1185 2225 do·

229 2268 335 2331 minus
350 2270 577 2332 denominatur
600 2269 642 2330 ab
667 2268 726 2330 ista
750 2268 904 2330 relatione
919 2290 995 2350 quae
1015 2270 1058 2331 ad
1083 2271 1185 2351 ipsum

225 2376 416 2437 terminatur
450 2386 620 2457 tamquam
655 2376 697 2438 ad
733 2374 855 2456 aliquid
894 2375 952 2449 sui,
978 2395 1044 2438 non
1080 2386 1183 2439 tamen

226 2482 316 2563 quod
332 2480 388 2543 fiat
410 2482 518 2563 aliqua
541 2481 668 2545 novitas
692 2482 724 2544 in
749 2482 829 2562 ipso.

292 2588 351 2650 Ad
369 2590 543 2651 secundum
556 2589 629 2650 dico
653 2588 743 2670 quod
760 2588 893 2650 relativa
908 2588 949 2650 de
965 2588 1073 2669 primo
1090 2589 1184 2651 modo

225 2702 259 2755 et
281 2696 423 2757 secundo
447 2695 547 2756 modo
571 2704 703 2776 sumpta
726 2704 802 2756 sunt
825 2702 949 2767 mutua,
974 2703 1006 2756 et
1037 2694 1082 2757 sic
1114 2704 1183 2757 sunt

225 2802 333 2863 sumul
357 2810 481 2874 natura,
505 2811 581 2863 sunt
604 2802 691 2863 enim
727 2802 859 2864 relativa
890 2801 1067 2864 secundum
1098 2822 1181 2873 esse,·

224 2907 281 2970 sed
299 2908 429 2970 relativa
452 2908 492 2970 de
515 2908 609 2969 tertio
634 2908 734 2969 modo
759 2928 824 2970 non
848 2918 925 2970 sunt
956 2918 1081 2983 mutua,
1113 2917 1183 2971 sunt

225 3014 310 3077 enim
336 3014 466 3076 relativa
489 3014 663 3075 secundum
687 3010 765 3079 dici.
793 3014 837 3077 Et
853 3014 914 3077 isto
932 3015 1033 3078 modo
1057 3016 1181 3097 ponitur

224 3121 335 3183 relatio
358 3120 420 3182 Dei
443 3120 485 3183 ad
508 3128 701 3182 creaturam.
728 3120 788 3183 Est
811 3120 898 3183 enim
922 3121 975 3183 illa
999 3123 1112 3185 relatio
1141 3141 1184 3184 se·

223 3228 369 3290 cundum
393 3227 455 3289 dici
477 3237 510 3289 et
533 3248 599 3289 non
615 3227 796 3289 secundum
813 3248 891 3289 esse.

654 3400 758 3755 l
