2684 4209
309 277 496 346 Drsrurcr.
522 282 670 345 XXXIX
695 281 841 364 Qunsr.
871 282 901 345 ΙΙ
1026 297 1088 362 397

141 486 273 549 diversa
299 487 437 567 objecta.
471 486 595 563 Quarto
625 488 777 550 voluntas
808 497 918 550 nostra
942 496 979 549 ut
1006 487 1119 551 tendit.

143 593 180 655 in
207 593 333 655 diversa
360 593 489 675 objecta
509 595 659 676 producit
683 595 827 656 diversos
854 593 996 656 effectus
1024 592 1113 675 Quia

143 720 225 762 vero
254 701 323 762 duo
354 701 459 782 prima
489 701 602 763 dicunt
629 699 919 783 imperfectionem,
943 701 1017 762 ideo
1045 720 1111 763 non

145 816 315 888 ponuntur
350 807 383 868 in
420 807 503 870 Deo.
536 807 742 890 Accipiendo
776 816 887 869 autem
915 807 1047 869 tertium
1079 817 1112 869 et

144 923 301 995 quartum
329 913 464 989 dictum,
492 913 570 976 dicit
597 915 688 996 quod
716 914 798 976 sicut
826 915 977 976 voluntas
1004 923 1112 976 creata

146 1041 206 1102 per
228 1021 373 1083 diversos
395 1030 488 1083 actus
510 1030 618 1103 potest
641 1041 676 1083 se
699 1020 914 1083 determinare
941 1021 984 1082 ad
1007 1021 1110 1103 plura,

144 1127 192 1188 ita
215 1127 305 1209 quod
328 1148 386 1209 per
409 1137 520 1189 actum
548 1148 671 1190 novum
699 1127 893 1190 determinat
924 1148 958 1190 se
990 1129 1032 1189 ad
1055 1128 1118 1190 ali--

146 1233 228 1316 quid
252 1255 386 1307 novum,
411 1233 455 1296 ita
479 1235 630 1297 voluntas
656 1235 766 1296 divina
790 1255 847 1316 per
872 1254 974 1297 unum
999 1244 1110 1296 actum

146 1341 345 1404 illimitatum
377 1341 597 1403 continentem
626 1341 803 1403 virtualiter
832 1360 965 1404 omnem
989 1349 1118 1414 actum.

147 1457 257 1528 potest
272 1467 306 1509 se
321 1447 536 1510 determinare
550 1447 593 1510 ab
609 1456 732 1510 aeterno
748 1449 790 1510 ad
808 1447 869 1510 hoc
885 1447 936 1510 vel
960 1447 1002 1509 ad
1019 1447 1116 1520 illud„

146 1553 193 1616 ita
215 1555 305 1635 quod
329 1554 479 1644 voluntas
506 1554 616 1616 divina
647 1575 704 1636 per
737 1575 839 1616 unum
871 1563 982 1616 actum
1010 1553 1112 1616 illimi-

146 1669 254 1722 tatum
271 1660 378 1742 potuit
394 1659 498 1722 facere
513 1661 674 1742 quidquid
695 1669 804 1742 posset
827 1659 894 1722 fieri
916 1681 974 1742 per
998 1679 1120 1722 omnes.

148 1776 241 1829 actus
264 1765 416 1829 formales
431 1767 462 1829 in
487 1767 650 1829 creaturis.

216 1980 276 2042 AD
300 1993 444 2043 PRIMUM
468 1993 696 2054 PRINCIPALE,
710 1981 784 2043 dico
808 1981 897 2062 quod
914 1981 997 2043 sicut
1013 1981 1113 2042 scien-

146 2087 193 2149 tia
218 2087 279 2149 Dei
302 2096 350 2148 est
374 2086 545 2149 infallibilis
567 2087 611 2148 ita
634 2096 683 2150 est
707 2088 900 2163 necessaria;
925 2087 983 2149 sed
1014 2087 1112 2148 scien-

146 2193 194 2254 tia
217 2193 258 2254 de
281 2193 545 2274 contingentibus
568 2204 617 2256 est
632 2192 804 2256 infallibilis
820 2215 863 2256 ex
880 2194 1112 2276 suppositione,

147 2321 229 2382 ergo
252 2300 397 2362 similiter
420 2309 468 2361 cst
496 2301 673 2362 necessaria
696 2322 738 2363 ex
767 2301 999 2383 suppositione,
1032 2299 1113 2361 idest

146 2427 193 2468 ex
218 2406 485 2468 determinatione
509 2407 686 2470 voluntatis
710 2408 827 2470 divinae
852 2429 926 2489 quae
944 2417 991 2470 est
1009 2407 1112 2488 prima

145 2533 248 2574 causa
271 2512 542 2595 contingentium.
