2684 4209
416 902 734 1011 Distinctio
774 903 979 1010 LXIV.

383 1155 502 1231 Nune
534 1159 672 1232 restat
702 1155 1034 1233 discutiendum.

368 1277 463 1342 Circa
498 1280 749 1343 Distinetieuem
783 1299 837 1363 44.
873 1280 1054 1361 queritur:

592 1438 768 1520 Quissno
793 1440 817 1502 Ι.

278 1595 385 1651 Utrum
402 1595 480 1652 Reus
498 1596 624 1665 potuerit
646 1597 741 1652 faeere
768 1597 906 1651 mundum
935 1595 1083 1651 meliorem
1104 1611 1200 1664 qum

222 1683 301 1739 feeit.

290 1829 430 1892 Videtur
461 1832 551 1912 quod
584 1852 658 1893 non.
698 1849 722 1893 1.
757 1829 843 1911 Quia
874 1831 898 1892 si
924 1833 1015 1892 Deus
1047 1831 1195 1912 potuerit

225 1935 328 1998 iacere
352 1938 513 1999 mundum
539 1938 705 2000 meliorem
729 1959 829 2018 quam
854 1937 938 2010 fecit,
962 1959 1043 2018 ergo
1067 1936 1130 1999 suit
1147 1937 1197 1999 in-

224 2042 335 2118 vidus;
360 2045 415 2106 sed
440 2044 471 2105 in
501 2045 574 2106 Deo
605 2065 669 2106 non
702 2045 788 2106 cadit
819 2043 954 2127 invidia;
986 2065 1065 2125 ergo
1100 2045 1197 2106 Deus

225 2170 290 2211 non
315 2151 421 2230 potuit
445 2149 548 2212 facere
573 2152 732 2214 mundum
760 2152 934 2212 meliorem.
965 2149 1196 2232 Confirneatur

225 2255 285 2317 ista
320 2257 401 2318 ratio
432 2278 489 2338 per
525 2258 752 2339 Augustinum
784 2258 855 2323 Lib.
891 2267 1003 2319 coetera
1039 2257 1191 2318 dfatim.

225 2362 301 2443 quia
325 2363 350 2424 si
375 2365 465 2425 Deus
489 2385 554 2426 non
583 2365 696 2445 genuit
729 2364 847 2426 Filium
879 2364 937 2425 sibi
970 2364 1133 2444 aequalem
1158 2376 1192 2425 et

226 2470 341 2550 potuit,
366 2491 445 2551 ergo
462 2469 522 2532 suit
546 2471 690 2548 invidus;
715 2491 829 2552 ergoa
853 2469 946 2532 simili
970 2470 1120 2551 arguitur
1137 2470 1191 2532 hic

226 2576 257 2637 in
282 2578 450 2658 proposito
473 2578 555 2639 sicut
579 2578 710 2639 deducit
735 2577 890 2658 Magister
915 2578 946 2639 in
972 2577 1071 2640 litera.

295 2699 323 2744 2.
348 2683 517 2758 Praeterea‚
543 2685 752 2766 Augustinus
772 2703 806 2764 5.
831 2685 882 2746 De
913 2684 1011 2746 libero
1034 2685 1186 2756 arbitrio,

226 2788 386 2869 quidquid
410 2791 548 2852 occurrit
572 2791 686 2853 melius
709 2790 740 2851 in
758 2791 862 2864 rebus,
887 2791 995 2872 cogita
1020 2791 1132 2852 Deum
1149 2789 1190 2852 se

226 2895 314 2957 cisse.
835 2959 844 2984 ,

293 3002 334 3064 ln
357 3003 558 3065 contrarium
582 3014 630 3066 est
646 3004 802 3086 Magister
826 3004 858 3066 in
875 3004 974 3066 litera.
1004 3003 1049 3065 Et
1072 3004 1190 3086 Augu-

227 3107 329 3171 stinus
362 3120 458 3191 super
492 3109 640 3173 Genesim
668 3111 717 3172 ed
748 3110 889 3182 literam,
926 3111 1042 3191 potuit,
1073 3111 1190 3192 inquit,

227 3216 318 3278 Deus
341 3215 445 3278 facere
470 3218 639 3280 hominem
663 3217 830 3279 meliorem
863 3217 918 3299 qui
943 3237 1007 3279 non
1040 3228 1190 3299 peccaret

227 3342 287 3385 nec
312 3344 445 3404 peccare
469 3325 635 3405 potuisset.

294 3431 355 3493 An
378 3431 998 3508 EVIDENT1AM1101USQUAESTIONIS‘,
1024 3432 1195 3513 praemitto

225 3534 321 3596 istam
346 3536 595 3610 distinctionem,
627 3538 717 3617 quod
743 3539 885 3600 mundus
916 3546 1023 3620 potest
1046 3539 1192 3601 conside·

226 3638 288 3698 rari
311 3638 361 3700 vel
385 3650 545 3719 quantum
569 3642 611 3703 ad
635 3653 766 3705 naturas
789 3651 912 3706 creatas
939 3645 1119 3706 secundum
1143 3665 1193 3719 se,
