2684 4209
263 241 323 321 146
503 243 577 306 Lrs.
603 242 616 304 Ι
641 241 932 306 Ssuraurmnun

583 359 835 367 ——ss-

232 455 281 510 est
305 447 337 509 in
361 447 507 529 potentia
530 467 631 528 quam
655 447 687 508 in
710 455 796 519 actu,
820 455 853 508 et
877 446 1065 509 universalis
1081 454 1196 528 poten-

234 554 279 617 tia
303 574 368 616 non
393 563 441 616 est
469 554 501 614 in
534 553 615 626 Deo,
647 553 725 634 quia
757 552 848 614 Deus
878 561 928 614 est
959 573 1060 634 purus
1089 561 1193 615 actus.

234 660 312 722 Alio
335 661 426 723 niodo
449 661 606 742 accipitur
623 659 770 741 potentia
793 668 891 740 prout
918 670 966 721 est
990 658 1194 740 principium

233 767 358 850 agendi
379 776 412 830 et
429 767 590 849 potz'endi.
617 767 660 828 Et
684 766 874 847 accipiendo
898 766 1079 847 potentiam
1095 776 1195 848 prout

234 883 283 937 est
300 873 505 956 principium
523 873 678 956 patiendi
699 893 764 935 non
789 873 923 955 ponitur
947 873 982 935 in
1007 873 1090 946 De0,
1118 874 1196 955 quia

235 982 381 1063 potentia
405 982 460 1043 illo
484 982 583 1043 modo
599 981 677 1042 dicit
694 978 988 1061 imperfectionem
1005 981 1195 1062 accipiendo

234 1097 347 1150 autem
373 1089 554 1170 potentiam
579 1096 677 1168 prout
700 1095 749 1148 est
765 1085 968 1167 principium
992 1087 1124 1169 agendi,
1149 1087 1196 1148 sic

236 1195 355 1276 pariter
385 1195 543 1276 accipitur
573 1195 760 1276 dupliciter:
793 1212 859 1254 uno
892 1194 1001 1265 m0d0‚
1032 1203 1195 1275 quantum

233 1302 275 1363 ad
299 1301 377 1364 illud
401 1303 490 1384 quod
507 1312 570 1382 per
590 1322 623 1363 se
645 1300 836 1383 significat‚·
870 1301 933 1362 aiio
965 1301 1064 1363 modo
1094 1321 1197 1383 quan-

234 1419 305 1472 tum
330 1410 372 1472 ad
396 1409 475 1471 illud
506 1409 597 1490 quod
622 1420 684 1489 per
712 1429 745 1470 se
775 1408 974 1472 denominat.
1011 1407 1197 1490 Loquendo

234 1537 311 1578 vero
334 1517 375 1578 de
399 1515 546 1598 potentia
569 1525 732 1595 quantum
764 1516 806 1578 ad
838 1516 917 1578 illud
950 1515 1043 1596 quod
1074 1536 1131 1596 per
1161 1535 1196 1578 se

234 1622 404 1706 significat,
430 1623 503 1684 dico
527 1623 617 1704 quod
642 1623 720 1685 dicit
743 1622 932 1685 relationem
956 1623 1023 1684 sive
1054 1622 1197 1704 proprie

234 1740 334 1794 tatem
359 1730 442 1792 sicut
466 1729 746 1811 potentionalitas;
771 1730 935 1811 loquendo
955 1739 1066 1790 autem
1082 1730 1124 1792 de
1140 1750 1196 1810 po·

232 1837 333 1900 tentia
356 1845 520 1918 quantum
549 1837 591 1898 ad
615 1837 695 1898 illud
719 1838 810 1917 quod
841 1857 898 1918 per
929 1855 963 1898 se
993 1835 1194 1910 denominat,

234 1944 317 2006 idest
341 1944 506 2026 loquendo
531 1944 571 2004 de
595 1941 810 2005 fundamento
834 1943 987 2024 proximo
1011 1942 1095 2004 iliius
1118 1943 1196 2005 rela-

234 2050 331 2112 tionis
355 2051 488 2132 praecise
511 2049 763 2130 circumscriptis
787 2050 1040 2130 quibuscunque
1062 2070 1198 2111 concur-

235 2157 388 2228 rentibus
403 2167 482 2218 tunc
497 2157 620 2218 Doctor
637 2155 732 2218 solvit
745 2155 951 2236 qmestionem
963 2165 995 2218 et
1011 2165 1100 2217 tenet
1112 2157 1197 2219 duas

235 2263 480 2328 Conclusiones:
500 2264 623 2344 prium,
641 2264 730 2344 quod
748 2263 894 2343 potentia
910 2263 955 2324 sic
975 2273 1107 2343 sumpta
1128 2284 1195 2325 non

234 2371 312 2432 dicit
336 2371 539 2446 relationem;
564 2371 713 2452 snundn,
738 2371 827 2450 quod
852 2369 929 2430 dicit
959 2369 1038 2449 quid
1069 2369 1197 2431 absolu-

233 2486 315 2538 tum,

299 2579 442 2649 Primo
472 2579 668 2650 Conclusio
692 2584 736 2644 sic
753 2583 925 2664 probatur:
945 2581 1062 2646 Omnis
1082 2583 1196 2644 relatio

234 2711 328 2770 oeque
358 2691 543 2752 naturaliter
576 2691 704 2770 respicit
736 2710 833 2752 suum
865 2690 1091 2753 correlativum
1123 2711 1197 2770 pro

235 2797 356 2877 prium:
381 2798 405 2858 si
431 2819 510 2878 ergo
535 2797 680 2878 potentia
706 2798 881 2878 generandi
905 2797 936 2857 in
965 2796 1081 2858 divinis
1111 2796 1197 2858 dice-

235 2914 281 2964 ret
306 2903 505 2976 relationem,
538 2925 603 2965 non
634 2904 914 2985 distinguerentur
945 2903 988 2965 ibi
1019 2905 1094 2965 duae
1123 2924 1197 2984 pro·
1225 2968 1228 2972 A

200 3067 204 3078 ,
235 3010 405 3072 ductiones
428 3031 569 3091 quarum
594 3031 660 3072 una
683 3021 732 3072 est
758 3032 814 3091 per
838 3011 975 3072 modum
1001 3020 1136 3080 naturae,
1165 3032 1198 3072 a·

235 3117 275 3178 lia
300 3139 355 3198 per
381 3119 517 3179 modum
542 3119 728 3190 voluntatis,
753 3119 844 3199 quod
874 3127 923 3180 est
954 3117 1195 3180 inconveniens.

301 3225 470 3297 Praeterea,
495 3225 519 3286 si
544 3225 616 3286 talis
640 3225 785 3307 potentia
815 3225 1031 3294 essctreiati0‚
1049 3225 1198 3305 potentia

234 3331 434 3413 paternitatis
450 3341 532 3393 essct
550 3332 738 3413 simpliciter
755 3330 924 3413 perfectior
940 3330 1102 3394 filiatione.
1121 3333 1197 3394 Pro

235 3439 330 3499 batur
352 3437 585 3518 consequentia.
612 3439 728 3501 Primo
752 3439 810 3501 sic:
828 3439 910 3500 illud
926 3459 994 3519 quo
1012 3440 1199 3520 producens

236 3545 395 3624 producit,
420 3546 445 3606 si
470 3565 534 3606 nou
563 3554 612 3607 est
642 3545 788 3626 ejusdem
821 3544 952 3606 rationis
982 3565 1058 3607 cum
1090 3544 1198 3608 forma

236 3651 384 3730 producti
408 3652 552 3713 continet
575 3673 647 3714 eam
672 3653 858 3727 virtualiter,
881 3661 914 3714 et
948 3661 997 3715 est
1024 3651 1200 3734 perfectius
