2684 4209
234 232 274 293 28
510 231 583 293 Lru.
609 232 622 293 Ι
647 230 942 294 Seurrurunuu

199 435 320 516 praxis
343 435 420 497 dicit
443 436 608 517 quandam
633 437 868 510 extensionem,
892 436 982 519 quod
1003 448 1051 499 est
1078 447 1172 499 extra

202 561 244 604 se
267 543 412 616 tendere;
437 544 492 605 sed
517 544 659 606 sistendo
684 544 817 625 praecise
841 544 872 606 in
888 544 1014 606 actibus
1032 544 1172 607 intellec-

197 658 272 723 tus,
297 650 385 711 nulla
408 658 456 712 est
471 650 543 712 talis
558 659 652 713 extra
668 671 702 712 se
718 650 888 712 tensio.·-—
901 650 1051 712 Diceres:
1069 651 1171 713 immo

199 764 268 829 est,
293 757 369 838 quia
392 767 483 819 actus
507 756 688 819 intellectus
711 766 759 819 est
782 757 986 819 discursivus.
1012 758 1084 819 Huc
1108 780 1170 820 nrm

210 863 308 935 valer,
336 864 412 945 quia
434 873 513 926 tunc
537 864 660 946 Logica
684 874 768 927 esset
788 864 920 927 scientia
936 865 1077 946 practica
1094 886 1169 927 cum

201 970 251 1031 sit
274 971 315 1033 de
337 972 462 1034 actibus
485 972 682 1047 discursivis;
706 972 783 1053 quia
806 972 939 1053 Logicae
964 972 1088 1054 primus
1118 993 1170 1033 ac-

211 1086 263 1139 tus
287 1087 335 1141 est
358 1079 547 1150 ratiocinari,
572 1080 735 1141 secundus
766 1079 955 1153 discurrere;
988 1079 1061 1141 licet
1091 1099 1171 1160 ergo

211 1184 373 1247 discursus
396 1185 552 1268 dirigatur
576 1207 633 1268 per
650 1186 938 1258 ratiocinationem,
956 1206 1021 1248 non
1039 1197 1171 1268 propter

212 1291 274 1354 hoc
298 1292 422 1375 Logica
444 1304 492 1354 est
517 1294 665 1375 practica,
691 1294 747 1355 sed
772 1290 944 1365 rationalis,
969 1294 1045 1373 quia
1076 1313 1172 1354 num-

202 1418 310 1481 quam
335 1400 491 1481 posterior
507 1410 598 1462 actus
615 1401 794 1463 intellectus
811 1400 908 1462 habet
924 1400 1081 1462 rationem
1100 1421 1171 1481 pra-

211 1506 271 1579 xiS,
297 1506 369 1569 licet
392 1507 547 1589 dirigatur
571 1528 590 1569 a
614 1508 710 1590 priori
734 1518 808 1570 actu
833 1507 1021 1570 intellectus.

278 1608 451 1681 Secunda
473 1612 661 1699 particula
686 1624 734 1677 est
758 1616 846 1697 quod
879 1614 989 1697 praxis
1020 1614 1172 1676 naturali-

209 1729 258 1781 ter
281 1729 329 1782 est
353 1720 509 1801 posterior
533 1722 758 1793 intellectione,
783 1722 873 1803 quod
890 1721 1059 1803 probatur,
1096 1721 1171 1801 quia

204 1826 350 1908 triplices
373 1836 447 1889 sunt
479 1839 570 1890 actus
605 1829 636 1890 in
672 1829 775 1901 nobis
808 1828 928 1890 scilicet
958 1822 1170 1909 vegetafivus,

146 1980 149 1987 .
204 1932 389 2006 sensitivuS,
413 1935 609 2017 appetitivus
639 1944 672 1997 et
695 1935 959 2017 apprehensivus,
991 1944 1023 1995 et
1058 1953 1172 1995 omnes

210 2040 260 2102 isti
284 2049 360 2103 sunt
383 2062 574 2105 communes
599 2042 692 2103 nobis
715 2053 747 2104 et
771 2042 882 2113 brutia,
907 2052 939 2103 et
964 2051 999 2103 ut
1029 2040 1074 2103 sic
1105 2060 1170 2101 non

205 2156 286 2209 sunt
310 2168 436 2228 praxes.
462 2147 579 2211 Omnis
602 2149 663 2211 alia
688 2150 832 2230 potentia
852 2148 894 2211 ab
911 2147 1104 2210 intellectiva
1121 2148 1171 2208 vel

210 2263 259 2315 est
282 2255 475 2336 vegetativa,
501 2256 550 2318 vel
567 2266 615 2317 est
631 2256 791 2326 sensitiva,
809 2257 859 2319 vel
875 2265 923 2317 est
940 2256 1081 2317 volitiva.
1099 2254 1172 2315 Pra-

210 2361 261 2423 xis
285 2381 350 2423 non
373 2371 422 2424 est
445 2363 589 2443 operatio
613 2364 796 2445 vegetativa
820 2364 869 2425 vel
894 2362 1045 2425 sensitiva
1077 2382 1173 2444 prop·

209 2478 258 2529 ter
282 2468 357 2530 du0.
382 2468 497 2531 Primo
520 2469 596 2550 quia
620 2470 809 2550 praecedunt
840 2479 949 2531 actum
982 2470 1170 2530 intellectus.

212 2573 357 2637 Secundo
380 2576 457 2657 quia
480 2585 555 2638 sunt
578 2596 771 2638 communes
796 2576 888 2638 nobis
904 2586 934 2638 et
959 2576 1075 2644 brutis;
1093 2596 1173 2657 ergo

210 2682 362 2744 volitivae.
388 2682 420 2746 Si
445 2692 554 2745 autem
578 2684 688 2764 aliquo
713 2684 813 2745 modo
836 2682 984 2745 dicantur
1007 2702 1076 2744 esse
1099 2702 1172 2762 pra-

208 2808 269 2851 xes
293 2790 324 2852 in
349 2790 451 2863 nobis,
477 2790 540 2851 hoc
563 2799 610 2851 est
628 2790 822 2870 inquantum
841 2790 1050 2851 moderantur
1066 2790 1108 2851 ab
1126 2788 1172 2849 in-

210 2897 339 2959 tellectu
363 2906 395 2958 et
419 2907 494 2959 sunt
518 2898 703 2959 naturaliter
728 2898 919 2978 posteriores
934 2917 981 2958 ea.
995 2932 1039 2942 -
1053 2896 1106 2957 Ex
1124 2895 1173 2957 his

209 3004 354 3085 sequitur
377 3004 581 3067 corollarium
606 3004 696 3085 quod
720 3004 830 3085 praxis
857 3015 905 3065 est
935 3013 1027 3065 actus
1059 3004 1173 3064 volun-

210 3112 284 3173 tatis
307 3111 434 3173 elicitus
457 3112 506 3173 vel
532 3111 730 3191 r'rrrprrrrlus,
755 3111 831 3191 quia
860 3110 970 3192 praxis
1000 3120 1047 3172 est
1079 3120 1168 3172 natu-

212 3218 317 3279 raliter
341 3219 498 3299 posterior
522 3218 747 3279 intellectione.
774 3218 839 3281 Sed
863 3218 969 3279 omnis
992 3227 1084 3279 actus
1116 3237 1171 3277 na-

202 3325 354 3387 turaliter
378 3326 534 3407 posterior
558 3324 773 3387 intellectione
796 3335 843 3385 est
867 3334 959 3386 actus
986 3324 1170 3395 voluntatis

201 3440 243 3493 et
266 3432 372 3493 omnis
395 3442 486 3493 actus
509 3432 685 3494 voluntatis
707 3440 755 3494 est
778 3432 902 3494 elicitus
918 3433 967 3493 vel
985 3432 1170 3513 imperatus.

282 3533 403 3606 Tertia
425 3536 614 3623 particula
638 3550 686 3601 est
710 3539 799 3620 quod
825 3538 934 3621 praxis
957 3549 1005 3600 est
1035 3549 1109 3600 nata
1140 3558 1173 3599 e·

203 3644 261 3706 lici
285 3643 492 3708 conformiter
517 3646 630 3708 rationi
655 3656 752 3708 rectae
770 3657 804 3708 ut
821 3648 860 3707 sit
877 3654 977 3718 recta;
995 3646 1084 3728 quod
1095 3658 1172 3727 pro-
