2684 4209
235 242 296 303 1¹4
476 223 549 288 Lm.
574 224 587 285 l
613 222 906 286 Ssusnarraaun

277 429 341 496 De
368 431 558 495 necundo
595 428 812 510 Arta‘aulo,
852 427 989 501 scilicet,
1024 436 1171 508 respectu

208 537 301 618 cujus
324 537 355 598 in
380 536 496 598 divinis
531 536 571 597 sit
606 537 716 617 imago
751 536 783 596 in
819 544 937 608 mente,
973 534 1047 596 dico
1080 533 1171 615 quod

207 643 347 707 Trinitas
370 663 593 724 personarum,
622 651 658 704 ut
682 652 782 705 totam
806 651 864 713 cst,
889 641 1035 703 consistit
1059 640 1089 702 in
1125 640 1171 701 in-

208 750 337 813 tellectu
365 760 475 811 nostro
499 750 668 831 quoddam
694 758 801 810 totum
837 748 1011 821 numerale,
1046 756 1079 809 et
1102 767 1171 828 per·

209 877 298 919 sonae
323 856 441 918 divinae
474 855 699 938 intelliguntur
716 865 829 936 partes
852 854 901 917 vel
933 836 1024 935 quasi
1065 863 1172 934 partes

210 962 306 1044 hujus
329 963 436 1036 totins,
461 971 493 1024 et
517 962 561 1024 sic
585 963 696 1043 imago
720 982 785 1024 non
802 961 980 1023 attenditur
1010 961 1042 1023 in
1078 961 1172 1022 nobis

211 1079 356 1151 respectu
382 1069 476 1131 unius
501 1089 648 1150 personae
678 1079 817 1141 tantum,
843 1089 901 1129 nec
922 1077 1068 1150 respectu
1090 1067 1173 1129 illius

209 1177 241 1238 in
265 1197 332 1258 quo
355 1185 430 1238 sunt
455 1196 569 1249 unum,
594 1176 651 1238 sed
676 1185 822 1258 respectu
847 1175 945 1237 totius
967 1174 1107 1237 unitatis
1140 1183 1174 1236 et

211 1281 375 1345 trinitatis
398 1303 623 1364 personarum.

280 1495 351 1560 Aa
369 1495 635 1561 evidentiam
663 1495 786 1560 tertia·
798 1495 994 1560 Articuli·
1010 1495 1175 1577 praemitto

211 1603 302 1683 quod
325 1602 357 1663 in
391 1602 483 1664 nobis
519 1603 707 1683 experimur
741 1612 851 1665 actum
889 1601 1114 1664 intellectionis
1143 1611 1176 1662 et

211 1708 388 1780 volitianis,
423 1717 456 1770 et
491 1709 540 1770 isti
579 1719 671 1770 actus
705 1718 781 1771 sunt
816 1709 847 1771 in
873 1718 1033 1790 potestate
1056 1717 1175 1780 nostra,

213 1815 423 1896 intelligimus
447 1815 533 1876 enim
560 1836 636 1877 cum
661 1816 827 1887 volumus,
850 1836 892 1876 aa
914 1834 944 1878 2.
980 1817 1019 1877 de
1041 1814 1175 1877 Anima.

214 1921 354 2002 Oportet
377 1931 488 1982 autem
513 1943 634 2002 ponere
659 1922 814 2003 principia
846 1922 964 1984 horum
987 1933 1121 1984 actuum
1145 1921 1177 1984 in

215 2028 317 2100 nobis
342 2037 374 2089 et
397 2028 473 2108 quia
499 2038 592 2089 actus
617 2029 851 2110 principiantur
875 2029 906 2090 in
931 2029 1023 2090 nobis
1051 2029 1111 2090 sub
1134 2028 1179 2089 di-

214 2135 312 2196 versis
336 2134 524 2207 rationibus
551 2135 622 2197 ideo
655 2156 721 2197 non
744 2146 792 2197 cst
817 2135 1015 2217 intelligibile
1037 2136 1127 2216 quod
1159 2137 1180 2196 i-

215 2241 291 2302 dem
315 2260 373 2302 sua
396 2242 511 2302 eadem
530 2242 653 2303 ratione
677 2241 802 2303 formali
828 2241 996 2322 principiet
1019 2243 1096 2303 istos
1131 2262 1181 2302 ac-

215 2357 276 2419 tus,
302 2346 404 2408 immo
430 2347 588 2409 habemus
618 2368 738 2429 ponere
761 2348 821 2410 tria
856 2348 1022 2429 principia,
1062 2348 1181 2410 scilicet

217 2454 416 2535 tractatoriam,
443 2454 698 2536 intelligentiam
723 2465 755 2516 et
779 2456 987 2518 voluntatem.

282 2556 373 2626 Istis
404 2559 629 2643 praernisst's
663 2562 737 2622 dics
762 2563 852 2642 quod
876 2563 987 2644 imago
1017 2562 1184 2624 Trinitatis

219 2686 283 2728 non
307 2667 453 2728 consistit
477 2668 509 2728 in
534 2668 659 2730 acn'tas
678 2668 803 2748 primis
826 2679 955 2731 tantum
988 2681 1023 2730 ut
1047 2669 1184 2730 suntin-

218 2773 358 2835 tellectns
381 2783 413 2834 et
438 2775 602 2846 voluntas,
629 2776 869 2855 quiaquamvis
893 2776 1031 2837 ibiesset
1053 2775 1183 2837 cartsnb-

220 2881 436 2951 stantialitas,
462 2901 529 2942 non
554 2892 665 2944 tamen
691 2883 734 2944 ibi
758 2892 840 2945 esset
862 2883 1050 2964 originatio.

287 2985 432 3048 Sacttttdo
456 2988 531 3050 dico
551 2990 640 3069 quod
666 2989 775 3071 imago
810 2990 976 3051 Trinitatis
1010 3011 1076 3053 non
1111 3012 1187 3052 con·

218 3094 299 3156 sistit
324 3093 354 3154 in
379 3095 504 3156 actibus
551 3097 703 3157 secandis
727 3106 867 3168 tantum,
892 3106 929 3159 ut
948 3107 1024 3159 sunt
1049 3096 1187 3160 intellec-

220 3199 264 3263 tio
287 3209 320 3262 et
343 3200 464 3275 nolitia,
501 3202 579 3283 quia
607 3202 680 3264 licet
709 3203 751 3264 ibi
790 3213 873 3265 esset
907 3203 1086 3286 originalia
1120 3225 1186 3266 non

220 3317 330 3369 tamen
356 3308 399 3369 ibi
423 3317 507 3370 esset
532 3309 862 3372 consubstantialitas.

316 3414 420 3476 Tertia
443 3415 517 3478 dico
546 3417 636 3496 quod
661 3416 771 3498 imago
798 3417 964 3480 Trinitatis
986 3418 1133 3480 consistit
1156 3419 1188 3480 in

221 3519 345 3582 actt'bns
363 3521 486 3601 primis
511 3532 548 3584 nt
570 3534 649 3584 snnt
670 3523 728 3585 snb
751 3523 875 3586 actibns
919 3525 1079 3597 secmariis,
1112 3526 1190 3605 quia

224 3627 277 3689 illo
302 3628 401 3690 modo
424 3638 472 3690 est
507 3629 549 3691 ibi
585 3651 660 3692 vera
694 3630 1014 3694 consubstantialitas
1047 3641 1080 3694 et
1114 3653 1192 3695 vera
