2684 4209
257 213 442 277 D1sr1ucr.
467 214 530 277 XL
552 224 585 277 et
608 214 687 278 XLI
711 213 891 296 Quasal
1005 229 1068 296 405

197 417 231 482 Si
254 427 402 480 teneatur
425 418 486 481 ista
509 418 630 501 opini0,
654 428 745 501 patet
768 421 810 482 ad
827 419 978 501 primum
996 420 1091 502 prin-

123 525 246 608 cipale,
272 526 363 607 q'uod
379 525 470 588 Deus
492 535 541 588 est
571 546 701 588 summe
732 525 877 600 liberalia,
910 527 987 610 quia
1021 527 1095 590 licet

130 632 423 715 praedestinationis
446 653 512 695 non
536 632 576 695 sit
599 632 707 715 aliqua
730 653 836 708 causa,
866 642 1093 698 verumtamen

125 738 365 821 ‚reprobationis
387 748 436 801 est
458 738 566 821 aliqua
588 759 696 813 causa,
721 739 793 801 ideo
818 739 997 821 reprobatis
1027 760 1093 803 non

124 846 354 908 communicat
378 866 474 909 suum
498 866 666 909 summum
687 845 821 908 bonum.
845 882 891 894 —
912 847 971 908 Ad
982 867 1093 910 secun·

123 953 221 1026 dum,
245 953 318 1015 dico
341 953 431 1034 quod
455 952 546 1015 Deus
569 972 634 1014 non
655 961 704 1015 est
727 962 911 1035 acceptator
935 973 1088 1035 persona-

132 1079 218 1134 rum,
242 1059 319 1141 quia
341 1068 419 1122 tunc
443 1059 575 1141 ponitur
598 1059 744 1141 acceptio
760 1081 971 1142 personarum
989 1059 1021 1122 in
1042 1081 1097 1123 vo

124 1167 256 1228 luntate
279 1175 398 1239 nostra,
422 1167 556 1247 quando
580 1167 753 1248 propositis
769 1167 898 1229 duobus
921 1167 1015 1230 bonis
1048 1187 1092 1230 ae·
1197 1235 1200 1242 Δ

131 1272 292 1354 qualibus,
316 1273 468 1335 voluntas
491 1293 595 1335 unum
618 1281 767 1355 acceptat
790 1282 822 1334 et
850 1273 938 1335 aliud
963 1273 1094 1356 respuit,

123 1389 166 1442 et
189 1379 251 1441 hoc
274 1379 347 1442 ideo
370 1379 447 1461 quia
469 1379 597 1442 bonitas
620 1379 652 1441 in
677 1379 813 1460 objectis
842 1388 891 1441 est
921 1399 1019 1442 causa
1042 1399 1093 1442 ac·

125 1485 334 1567 ceptationis.
360 1485 426 1549 Sed
449 1506 514 1549 non
538 1496 587 1548 est
609 1485 654 1548 sic
679 1485 710 1549 in
735 1485 912 1568 proposito,
942 1484 1020 1566 quia
1043 1506 1098 1548 vo

135 1593 246 1654 luntas
269 1592 378 1654 divina
401 1602 450 1654 est
472 1613 570 1655 causa
593 1591 747 1655 bonitatis
762 1594 794 1655 in
819 1592 963 1674 objectis,
984 1601 1016 1654 et
1033 1612 1098 1655 non

131 1719 158 1761 e
181 1719 349 1761 converse.

209 1805 243 1869 Si
267 1815 377 1868 autem
402 1815 549 1868 teneatur
572 1805 634 1867 alia
657 1801 784 1888 opinio,
816 1807 906 1888 quod
938 1806 1101 1888 praedesti-

130 1913 278 1976 nationis
300 1913 341 1975 sit
364 1913 472 1994 aliqua
494 1933 601 1986 cansa,
626 1921 733 1994 potest
757 1913 942 1995 responderi
969 1913 1018 1975 ad
1030 1912 1101 1994 pri·

135 2040 232 2081 mum
255 2029 288 2082 et
311 2019 354 2082 ad
378 2020 464 2082 dicta
496 2019 702 2093 Sanctorum,
734 2021 824 2100 quod
856 2019 1039 2102 Apostolus
1068 2028 1102 2082 et

135 2125 252 2188 Sancti
276 2127 512 2209 redarguerunt
536 2135 816 2208 praesumptuosos
837 2125 1033 2208 inquirentes
1049 2126 1103 2188 illa

132 2252 281 2313 quorum
305 2253 371 2295 non
394 2240 469 2295 sunt
493 2253 637 2314 capaces
662 2253 727 2296 non
741 2243 851 2295 autem
876 2243 1008 2316 propter
1031 2233 1100 2295 ino-

134 2338 229 2420 piam
267 2339 441 2401 reddendae
469 2339 610 2414 rationis,
642 2340 685 2401 ad
717 2339 824 2402 minus
858 2341 890 2402 in
922 2339 1102 2414 communi,

132 2445 293 2527 quamvis
314 2444 346 2507 in
371 2445 554 2527 particulari
578 2446 748 2508 nesciatur.

575 2887 679 3243 l
