2684 4209
236 284 300 362 258
492 281 566 344 Lm.
590 281 604 344 Ι
628 281 922 346 Saursurmnuu

216 509 295 552 vero
317 487 500 551 declaratur
522 507 579 569 per
603 486 666 550 hoc
689 488 779 569 quod
803 487 887 549 actio
911 486 965 548 illa
988 485 1106 568 partim
1130 493 1181 548 est

216 617 236 658 a
259 595 333 658 Deo
355 603 389 657 et
412 595 530 676 partim
554 615 573 656 a
596 601 752 667 creatura,
777 594 854 676 quia
877 593 961 656 actio
974 601 1081 675 potest
1104 612 1181 655 con-

217 701 346 766 siderari
371 700 566 783 inquantum
589 720 657 774 ens,
681 710 714 762 et
736 701 781 763 sic
805 721 824 762 a
857 700 940 773 Deo,
964 700 1014 762 vel
1046 699 1181 781 inquan-

217 817 290 872 tum
314 807 378 870 hoc
400 827 467 881 ens,
491 816 525 870 et
547 807 592 869 sic
614 815 663 869 est
693 827 713 869 a
735 815 891 870 creatura.
916 806 950 870 A
982 804 1178 888 quibusdam

218 936 296 977 vero
320 914 502 976 declaratur
525 933 581 996 per
605 913 668 976 hoc
702 914 793 996 quod
825 933 891 976 non
914 920 963 975 est
993 913 1100 974 minus
1123 931 1181 994 po

218 1021 319 1084 tentia
342 1019 467 1084 infinita
489 1020 599 1082 divina
621 1039 721 1102 quam
738 1020 891 1095 essentia3
908 1019 965 1083 sed
981 1029 1113 1101 propter
1133 1019 1181 1080 in-

220 1124 379 1190 finitatem
403 1127 549 1190 essentiae
577 1126 696 1188 divinae
729 1147 794 1189 non
826 1136 933 1208 potest
964 1125 1100 1208 produci
1123 1125 1180 1188 ali-

220 1235 309 1317 quod
341 1241 485 1296 creatum
517 1233 651 1315 quando
682 1233 791 1295 statim
823 1233 964 1295 illabitur
993 1233 1021 1294 ei
1045 1231 1182 1296 essentia

221 1340 347 1415 divina;
371 1359 451 1421 ergo
474 1339 620 1421 potentia
642 1339 752 1402 divina
769 1339 866 1402 habet
882 1339 967 1402 illabi
987 1338 1117 1402 cuilibet
1133 1359 1185 1402 ac·

221 1447 300 1509 tioni
324 1446 450 1528 agentis
472 1446 661 1509 secundarii.

289 1554 348 1616 Ad
366 1554 541 1616 secundum
565 1553 639 1615 dico
661 1553 844 1616 secundum
868 1552 1006 1617 Sanctus
1026 1561 1060 1615 et
1082 1551 1184 1635 philo

223 1660 354 1742 sophos,
380 1659 471 1742 quod
495 1659 586 1722 Deus
609 1680 643 1722 se
666 1659 765 1723 habet
788 1669 934 1741 respectu
970 1668 1126 1723 creaturae
1151 1660 1183 1721 in

224 1787 342 1849 genere
364 1766 497 1848 triplicis
526 1787 634 1830 causae
665 1767 786 1829 scilicet
815 1767 989 1840 efficientis
1022 1765 1125 1830 finalis
1152 1776 1185 1830 et

223 1873 428 1956 exemplaris

292 2087 354 2150 Au
392 2101 537 2150 emuuu
561 2100 779 2149 Pammenes
803 2107 888 2168 nego
903 2087 1159 2169 consequentiam
1170 2077 1185 2160 ’,-

227 2215 285 2257 nec
309 2194 458 2275 probatio
482 2194 619 2257 minoris
641 2195 737 2266 valet,
755 2214 830 2256 nam
848 2194 930 2256 ratio
946 2193 1099 2257 Richardi
1116 2213 1188 2275 pro

227 2301 283 2364 bat
306 2301 396 2383 quod
420 2321 485 2363 non
509 2309 586 2363 sunt
616 2301 684 2362 duo
716 2299 958 2382 omnipotentes
980 2300 1188 2363 essentialiter

227 2407 378 2482 distincti,
403 2408 479 2489 quia
503 2407 661 2469 haberent
684 2407 766 2468 duas
781 2406 915 2469 virtutes
931 2407 1114 2484 distinctas;
1131 2407 1187 2469 sed

229 2534 295 2577 non
319 2524 367 2576 est
389 2515 435 2576 sic
457 2515 490 2576 in
514 2513 693 2596 proposito,
718 2513 793 2594 quia
814 2534 961 2595 personae
978 2513 1097 2576 divinae
1113 2524 1189 2576 sunt

230 2621 315 2684 idem
341 2621 372 2682 in
395 2621 532 2684 essentia
560 2630 592 2682 et
616 2619 737 2682 habent
768 2620 921 2683 virtutem
953 2621 1093 2683 activam
1117 2640 1192 2682 ean-

231 2728 306 2790 dem
331 2727 362 2789 in
387 2747 532 2790 numero.

298 2835 357 2896 Ad
374 2834 550 2896 secundum
574 2835 648 2897 dico
671 2835 762 2916 quod
780 2835 883 2916 major
900 2834 997 2897 habet
1020 2833 1188 2897 veritatem

232 2941 365 3022 quando
394 2941 498 3022 prima
527 2961 625 3003 causa
647 2951 681 3003 et
711 2943 853 3004 secunda
884 2940 1005 3005 habent
1039 2940 1135 3003 aliam
1158 2949 1192 3003 et

233 3047 328 3113 aliam
352 3047 506 3110 virtutem
522 3047 672 3110 activam.
692 3047 837 3128 Quando
852 3058 962 3111 autem
980 3048 1101 3110 habent
1116 3068 1192 3110 ean-

234 3155 310 3216 dem
333 3154 486 3217 virtutem
510 3155 662 3229 activam,
687 3155 768 3216 sicut
788 3163 835 3216 est
859 3155 891 3217 in
912 3155 1090 3237 proposit0,
1113 3166 1193 3218 tunc

132 3248 136 3255 ⁴
235 3261 342 3343 major
357 3280 422 3324 non
445 3270 493 3323 est
516 3282 601 3324 vera.
618 3298 662 3307 -
679 3261 723 3324 Et
740 3261 784 3324 ob
800 3261 862 3324 hoc
877 3260 925 3324 ad
938 3263 1068 3325 tertium
1079 3285 1094 3336 ,·
1116 3283 1195 3326 con-

235 3367 317 3430 cedo
340 3367 428 3430 enim
452 3369 541 3450 quod
565 3368 721 3450 recipiens
736 3368 890 3430 virtutem
907 3369 1045 3431 activam
1066 3369 1109 3432 ab
1131 3369 1197 3432 alio

237 3494 302 3536 non
328 3483 478 3555 aequatur
501 3474 529 3538 ei
553 3475 585 3537 in
609 3475 764 3557 potentia,
789 3475 813 3538 si
838 3475 950 3558 recipit
970 3475 1124 3539 virtutem
1147 3476 1195 3539 di-

236 3579 410 3654 stinctam;
434 3582 491 3643 sed
514 3583 647 3662 quando
669 3591 718 3644 est
741 3584 855 3645 eadem
879 3583 981 3647 virtus
1000 3601 1141 3646 numero
1164 3583 1197 3645 in

238 3685 411 3767 recipiente
433 3697 466 3749 et
489 3689 596 3763 dante,
621 3698 700 3752 tunc
724 3709 789 3752 non
813 3699 951 3773 oportet.
