<?xml version="1.0" encoding="UTF-8"?>
<!DOCTYPE html PUBLIC "-//W3C//DTD XHTML 1.0 Transitional//EN"
    "http://www.w3.org/TR/xhtml1/DTD/xhtml1-transitional.dtd">
<html xmlns="http://www.w3.org/1999/xhtml" xml:lang="en" lang="en">
 <head>
  <title>
</title>
<meta http-equiv="Content-Type" content="text/html;charset=utf-8" />
  <meta name='ocr-system' content='tesseract 3.04.00' />
  <meta name='ocr-capabilities' content='ocr_page ocr_carea ocr_par ocr_line ocrx_word'/>
</head>
<body>
  <div class='ocr_page' id='page_1' title='image "./commentariainli01scotgoog_0419.png"; bbox 0 0 2684 4209; ppageno 0'>
   <div class='ocr_carea' id='block_1_1' title="bbox 270 240 1082 340">
    <p class='ocr_par' dir='ltr' id='par_1_1' title="bbox 270 240 1082 340">
     <span class='ocr_line' id='line_1_1' title="bbox 270 240 1082 340; baseline 0.005 -39"><span class='ocrx_word' id='word_1_1' title='bbox 270 241 458 303; x_wconf 76' lang='lat' dir='ltr'>D1sr1ncr.</span> <span class='ocrx_word' id='word_1_2' title='bbox 483 241 545 303; x_wconf 68' lang='grc' dir='ltr'>Χξ,</span> <span class='ocrx_word' id='word_1_3' title='bbox 568 250 602 305; x_wconf 88' lang='lat' dir='ltr'>et</span> <span class='ocrx_word' id='word_1_4' title='bbox 625 240 702 304; x_wconf 89' lang='lat' dir='ltr'>XLI</span> <span class='ocrx_word' id='word_1_5' title='bbox 727 240 875 323; x_wconf 73' lang='lat' dir='ltr'>Qonsr.</span> <span class='ocrx_word' id='word_1_6' title='bbox 900 241 914 304; x_wconf 91' lang='lat'><em>1</em></span> <span class='ocrx_word' id='word_1_7' title='bbox 951 333 955 340; x_wconf 33' lang='grc' dir='ltr'>Ι</span> <span class='ocrx_word' id='word_1_8' title='bbox 1018 258 1082 321; x_wconf 90' lang='lat'>403</span> 
     </span>
    </p>
   </div>
   <div class='ocr_carea' id='block_1_2' title="bbox 135 443 1114 1807">
    <p class='ocr_par' dir='ltr' id='par_1_2' title="bbox 135 443 1113 1057">
     <span class='ocr_line' id='line_1_2' title="bbox 137 443 1111 527; baseline 0.003 -21"><span class='ocrx_word' id='word_1_9' title='bbox 137 443 178 507; x_wconf 78' lang='lat' dir='ltr'>in</span> <span class='ocrx_word' id='word_1_10' title='bbox 201 444 436 526; x_wconf 65' lang='lat' dir='ltr'>praedestinatis</span> <span class='ocrx_word' id='word_1_11' title='bbox 451 454 587 527; x_wconf 88' lang='lat' dir='ltr'>apparet</span> <span class='ocrx_word' id='word_1_12' title='bbox 611 445 673 507; x_wconf 91' lang='lat' dir='ltr'>Dei</span> <span class='ocrx_word' id='word_1_13' title='bbox 692 445 917 518; x_wconf 84' lang='lat' dir='ltr'>misericordia,</span> <span class='ocrx_word' id='word_1_14' title='bbox 934 445 991 507; x_wconf 89' lang='lat' dir='ltr'>sed</span> <span class='ocrx_word' id='word_1_15' title='bbox 1011 445 1043 508; x_wconf 90' lang='lat' dir='ltr'>in</span> <span class='ocrx_word' id='word_1_16' title='bbox 1061 467 1111 509; x_wconf 88' lang='lat' dir='ltr'>re-</span> 
     </span>
     <span class='ocr_line' id='line_1_3' title="bbox 136 549 1110 633; baseline 0.003 -21"><span class='ocrx_word' id='word_1_17' title='bbox 136 550 289 632; x_wconf 83' lang='lat' dir='ltr'>probatis</span> <span class='ocrx_word' id='word_1_18' title='bbox 311 560 448 633; x_wconf 85' lang='lat' dir='ltr'>apparet</span> <span class='ocrx_word' id='word_1_19' title='bbox 463 551 525 614; x_wconf 85' lang='lat' dir='ltr'>Dei</span> <span class='ocrx_word' id='word_1_20' title='bbox 547 551 681 632; x_wconf 88' lang='lat' dir='ltr'>justitia.</span> <span class='ocrx_word' id='word_1_21' title='bbox 707 549 808 632; x_wconf 91' lang='lat' dir='ltr'>Quod</span> <span class='ocrx_word' id='word_1_22' title='bbox 833 561 942 614; x_wconf 86' lang='lat' dir='ltr'>autern</span> <span class='ocrx_word' id='word_1_23' title='bbox 973 573 1039 614; x_wconf 94' lang='lat' dir='ltr'>non</span> <span class='ocrx_word' id='word_1_24' title='bbox 1068 553 1110 615; x_wconf 89' lang='lat' dir='ltr'>sit</span> 
     </span>
     <span class='ocr_line' id='line_1_4' title="bbox 136 657 1106 741; baseline 0.001 -21"><span class='ocrx_word' id='word_1_25' title='bbox 136 657 340 740; x_wconf 80' lang='lat' dir='ltr'>assignanda</span> <span class='ocrx_word' id='word_1_26' title='bbox 367 678 465 720; x_wconf 85' lang='lat' dir='ltr'>causa</span> <span class='ocrx_word' id='word_1_27' title='bbox 489 659 524 721; x_wconf 81' lang='lat' dir='ltr'>in</span> <span class='ocrx_word' id='word_1_28' title='bbox 543 657 747 740; x_wconf 80' lang='lat' dir='ltr'>particulari</span> <span class='ocrx_word' id='word_1_29' title='bbox 769 668 858 740; x_wconf 89' lang='lat' dir='ltr'>patet</span> <span class='ocrx_word' id='word_1_30' title='bbox 889 679 945 741; x_wconf 88' lang='lat' dir='ltr'>per</span> <span class='ocrx_word' id='word_1_31' title='bbox 968 680 1006 720; x_wconf 90' lang='lat' dir='ltr'>ea</span> <span class='ocrx_word' id='word_1_32' title='bbox 1029 679 1106 740; x_wconf 81' lang='lat' dir='ltr'>quae</span> 
     </span>
     <span class='ocr_line' id='line_1_5' title="bbox 139 764 1112 848; baseline 0.002 -22"><span class='ocrx_word' id='word_1_33' title='bbox 139 765 252 846; x_wconf 88' lang='lat' dir='ltr'>posita</span> <span class='ocrx_word' id='word_1_34' title='bbox 274 773 351 826; x_wconf 89' lang='lat' dir='ltr'>sunt</span> <span class='ocrx_word' id='word_1_35' title='bbox 374 765 414 826; x_wconf 87' lang='lat' dir='ltr'>de</span> <span class='ocrx_word' id='word_1_36' title='bbox 438 764 604 847; x_wconf 89' lang='lat' dir='ltr'>Apostolo</span> <span class='ocrx_word' id='word_1_37' title='bbox 628 785 726 847; x_wconf 88' lang='lat' dir='ltr'>supra</span> <span class='ocrx_word' id='word_1_38' title='bbox 761 786 821 847; x_wconf 92' lang='lat' dir='ltr'>pro</span> <span class='ocrx_word' id='word_1_39' title='bbox 856 765 1008 848; x_wconf 91' lang='lat' dir='ltr'>opinione</span> <span class='ocrx_word' id='word_1_40' title='bbox 1043 766 1112 828; x_wconf 85' lang='lat' dir='ltr'>Ma-</span> 
     </span>
     <span class='ocr_line' id='line_1_6' title="bbox 138 871 1113 953; baseline 0.002 -21"><span class='ocrx_word' id='word_1_41' title='bbox 138 871 244 952; x_wconf 86' lang='lat' dir='ltr'>·gistri,</span> <span class='ocrx_word' id='word_1_42' title='bbox 269 881 302 933; x_wconf 90' lang='lat' dir='ltr'>et</span> <span class='ocrx_word' id='word_1_43' title='bbox 325 891 382 952; x_wconf 91' lang='lat' dir='ltr'>per</span> <span class='ocrx_word' id='word_1_44' title='bbox 406 871 634 953; x_wconf 86' lang='lat' dir='ltr'>Augustinum</span> <span class='ocrx_word' id='word_1_45' title='bbox 659 872 695 933; x_wconf 81' lang='lat' dir='ltr'>in</span> <span class='ocrx_word' id='word_1_46' title='bbox 718 871 815 935; x_wconf 84' lang='lat' dir='ltr'>Joan.</span> <span class='ocrx_word' id='word_1_47' title='bbox 842 872 916 946; x_wconf 90' lang='lat' dir='ltr'>noli,</span> <span class='ocrx_word' id='word_1_48' title='bbox 935 871 1048 953; x_wconf 89' lang='lat' dir='ltr'>inquit,</span> <span class='ocrx_word' id='word_1_49' title='bbox 1066 871 1113 934; x_wconf 92' lang='lat' dir='ltr'>di-</span> 
     </span>
     <span class='ocr_line' id='line_1_7' title="bbox 135 977 637 1057; baseline 0 -19"><span class='ocrx_word' id='word_1_50' title='bbox 135 977 289 1057; x_wconf 87' lang='lat' dir='ltr'>judicare</span> <span class='ocrx_word' id='word_1_51' title='bbox 312 978 337 1038; x_wconf 92' lang='lat' dir='ltr'>si</span> <span class='ocrx_word' id='word_1_52' title='bbox 362 998 428 1039; x_wconf 91' lang='lat' dir='ltr'>non</span> <span class='ocrx_word' id='word_1_53' title='bbox 452 978 500 1039; x_wconf 92' lang='lat' dir='ltr'>vis</span> <span class='ocrx_word' id='word_1_54' title='bbox 523 999 637 1040; x_wconf 88' lang='lat' dir='ltr'>errare.</span> 
     </span>
    </p>

    <p class='ocr_par' dir='ltr' id='par_1_3' title="bbox 138 1080 1114 1807">
     <span class='ocr_line' id='line_1_8' title="bbox 213 1080 1112 1168; baseline -0.002 -18"><span class='ocrx_word' id='word_1_55' title='bbox 213 1080 304 1150; x_wconf 77' lang='lat' dir='ltr'>Alia</span> <span class='ocrx_word' id='word_1_56' title='bbox 327 1082 456 1168; x_wconf 74' lang='lat' dir='ltr'>opinio</span> <span class='ocrx_word' id='word_1_57' title='bbox 479 1085 557 1145; x_wconf 90' lang='lat' dir='ltr'>dicit</span> <span class='ocrx_word' id='word_1_58' title='bbox 580 1086 670 1166; x_wconf 91' lang='lat' dir='ltr'>quod</span> <span class='ocrx_word' id='word_1_59' title='bbox 694 1095 785 1148; x_wconf 88' lang='lat' dir='ltr'>actus</span> <span class='ocrx_word' id='word_1_60' title='bbox 819 1085 1112 1166; x_wconf 78' lang='lat' dir='ltr'>praedestinationis</span> 
     </span>
     <span class='ocr_line' id='line_1_9' title="bbox 138 1191 1110 1272; baseline 0.003 -21"><span class='ocrx_word' id='word_1_61' title='bbox 138 1199 254 1272; x_wconf 46' lang='lat' dir='ltr'>*potest</span> <span class='ocrx_word' id='word_1_62' title='bbox 277 1191 470 1252; x_wconf 84' lang='lat' dir='ltr'>considerari</span> <span class='ocrx_word' id='word_1_63' title='bbox 488 1192 537 1252; x_wconf 87' lang='lat' dir='ltr'>vel</span> <span class='ocrx_word' id='word_1_64' title='bbox 555 1201 591 1252; x_wconf 91' lang='lat' dir='ltr'>ut</span> <span class='ocrx_word' id='word_1_65' title='bbox 606 1201 654 1253; x_wconf 85' lang='lat' dir='ltr'>est</span> <span class='ocrx_word' id='word_1_66' title='bbox 670 1212 690 1252; x_wconf 87' lang='lat' dir='ltr'>a</span> <span class='ocrx_word' id='word_1_67' title='bbox 709 1192 780 1253; x_wconf 91' lang='lat' dir='ltr'>Deo</span> <span class='ocrx_word' id='word_1_68' title='bbox 796 1201 923 1272; x_wconf 83' lang='lat' dir='ltr'>agente,</span> <span class='ocrx_word' id='word_1_69' title='bbox 941 1192 989 1253; x_wconf 90' lang='lat' dir='ltr'>vel</span> <span class='ocrx_word' id='word_1_70' title='bbox 1009 1200 1045 1253; x_wconf 93' lang='lat' dir='ltr'>ut</span> <span class='ocrx_word' id='word_1_71' title='bbox 1061 1202 1110 1254; x_wconf 90' lang='lat' dir='ltr'>est</span> 
     </span>
     <span class='ocr_line' id='line_1_10' title="bbox 146 1297 1111 1379; baseline 0.001 -19"><span class='ocrx_word' id='word_1_72' title='bbox 146 1297 178 1360; x_wconf 92' lang='lat' dir='ltr'>in</span> <span class='ocrx_word' id='word_1_73' title='bbox 202 1298 351 1377; x_wconf 88' lang='lat' dir='ltr'>subjecto</span> <span class='ocrx_word' id='word_1_74' title='bbox 374 1298 556 1379; x_wconf 88' lang='lat' dir='ltr'>recipiente.</span> <span class='ocrx_word' id='word_1_75' title='bbox 582 1299 691 1360; x_wconf 91' lang='lat' dir='ltr'>Primo</span> <span class='ocrx_word' id='word_1_76' title='bbox 716 1300 825 1372; x_wconf 92' lang='lat' dir='ltr'>mod0,</span> <span class='ocrx_word' id='word_1_77' title='bbox 855 1299 1111 1379; x_wconf 75' lang='lat' dir='ltr'>praedestinatio-</span> 
     </span>
     <span class='ocr_line' id='line_1_11' title="bbox 146 1404 1111 1479; baseline 0.003 -14"><span class='ocrx_word' id='word_1_78' title='bbox 146 1404 196 1466; x_wconf 90' lang='lat' dir='ltr'>nis</span> <span class='ocrx_word' id='word_1_79' title='bbox 220 1404 307 1466; x_wconf 83' lang='lat' dir='ltr'>nulla</span> <span class='ocrx_word' id='word_1_80' title='bbox 331 1415 379 1467; x_wconf 91' lang='lat' dir='ltr'>est</span> <span class='ocrx_word' id='word_1_81' title='bbox 403 1426 500 1467; x_wconf 89' lang='lat' dir='ltr'>causa</span> <span class='ocrx_word' id='word_1_82' title='bbox 524 1405 582 1466; x_wconf 91' lang='lat' dir='ltr'>nisi</span> <span class='ocrx_word' id='word_1_83' title='bbox 606 1406 758 1467; x_wconf 87' lang='lat' dir='ltr'>voluntas</span> <span class='ocrx_word' id='word_1_84' title='bbox 781 1415 812 1466; x_wconf 88' lang='lat' dir='ltr'>et</span> <span class='ocrx_word' id='word_1_85' title='bbox 829 1405 956 1467; x_wconf 88' lang='lat' dir='ltr'>bonitas</span> <span class='ocrx_word' id='word_1_86' title='bbox 972 1425 1047 1479; x_wconf 89' lang='lat' dir='ltr'>sua;</span> <span class='ocrx_word' id='word_1_87' title='bbox 1065 1427 1111 1468; x_wconf 89' lang='lat' dir='ltr'>sc-</span> 
     </span>
     <span class='ocr_line' id='line_1_12' title="bbox 140 1511 1109 1592; baseline 0.001 -19"><span class='ocrx_word' id='word_1_88' title='bbox 140 1511 258 1573; x_wconf 84' lang='lat' dir='ltr'>cundo</span> <span class='ocrx_word' id='word_1_89' title='bbox 281 1521 391 1572; x_wconf 89' lang='lat' dir='ltr'>autem</span> <span class='ocrx_word' id='word_1_90' title='bbox 418 1513 527 1585; x_wconf 91' lang='lat' dir='ltr'>mod0,</span> <span class='ocrx_word' id='word_1_91' title='bbox 559 1521 642 1574; x_wconf 86' lang='lat' dir='ltr'>esset</span> <span class='ocrx_word' id='word_1_92' title='bbox 673 1513 836 1592; x_wconf 84' lang='lat' dir='ltr'>assignare</span> <span class='ocrx_word' id='word_1_93' title='bbox 866 1511 1008 1592; x_wconf 82' lang='lat' dir='ltr'>aliquam</span> <span class='ocrx_word' id='word_1_94' title='bbox 1033 1533 1109 1574; x_wconf 84' lang='lat' dir='ltr'>cau-</span> 
     </span>
     <span class='ocr_line' id='line_1_13' title="bbox 144 1618 1113 1701; baseline 0.003 -22"><span class='ocrx_word' id='word_1_95' title='bbox 144 1639 218 1680; x_wconf 86' lang='lat' dir='ltr'>sam</span> <span class='ocrx_word' id='word_1_96' title='bbox 242 1619 292 1680; x_wconf 88' lang='lat' dir='ltr'>vel</span> <span class='ocrx_word' id='word_1_97' title='bbox 323 1619 480 1680; x_wconf 89' lang='lat' dir='ltr'>rationem</span> <span class='ocrx_word' id='word_1_98' title='bbox 513 1619 814 1701; x_wconf 63' lang='lat' dir='ltr'>praedestinationis,</span> <span class='ocrx_word' id='word_1_99' title='bbox 846 1618 922 1700; x_wconf 86' lang='lat' dir='ltr'>quia</span> <span class='ocrx_word' id='word_1_100' title='bbox 953 1619 984 1680; x_wconf 93' lang='lat' dir='ltr'>in</span> <span class='ocrx_word' id='word_1_101' title='bbox 1017 1619 1113 1682; x_wconf 90' lang='lat' dir='ltr'>rebus</span> 
     </span>
     <span class='ocr_line' id='line_1_14' title="bbox 147 1725 1114 1807; baseline 0.003 -21"><span class='ocrx_word' id='word_1_102' title='bbox 147 1725 285 1786; x_wconf 91' lang='lat' dir='ltr'>omnino</span> <span class='ocrx_word' id='word_1_103' title='bbox 308 1725 490 1806; x_wconf 64' lang='lat' dir='ltr'>aequalibus</span> <span class='ocrx_word' id='word_1_104' title='bbox 515 1746 579 1787; x_wconf 93' lang='lat' dir='ltr'>non</span> <span class='ocrx_word' id='word_1_105' title='bbox 604 1726 691 1787; x_wconf 86' lang='lat' dir='ltr'>cadit</span> <span class='ocrx_word' id='word_1_106' title='bbox 714 1726 845 1798; x_wconf 76' lang='lat' dir='ltr'>electio,</span> <span class='ocrx_word' id='word_1_107' title='bbox 870 1747 950 1807; x_wconf 84' lang='lat' dir='ltr'>ergo</span> <span class='ocrx_word' id='word_1_108' title='bbox 973 1725 997 1786; x_wconf 84' lang='lat' dir='ltr'>si</span> <span class='ocrx_word' id='word_1_109' title='bbox 1022 1726 1114 1788; x_wconf 90' lang='lat' dir='ltr'>Deus</span> 
     </span>
    </p>
   </div>
   <div class='ocr_carea' id='block_1_3' title="bbox 147 1819 1226 1913">
    <p class='ocr_par' dir='ltr' id='par_1_4' title="bbox 147 1819 1226 1913">
     <span class='ocr_line' id='line_1_15' title="bbox 147 1819 1226 1913; baseline 0.003 -20"><span class='ocrx_word' id='word_1_110' title='bbox 147 1831 237 1893; x_wconf 90' lang='lat' dir='ltr'>hunc</span> <span class='ocrx_word' id='word_1_111' title='bbox 253 1832 360 1913; x_wconf 83' lang='lat' dir='ltr'>elegit,</span> <span class='ocrx_word' id='word_1_112' title='bbox 384 1831 474 1893; x_wconf 84' lang='lat' dir='ltr'>iilum</span> <span class='ocrx_word' id='word_1_113' title='bbox 492 1853 569 1893; x_wconf 88' lang='lat' dir='ltr'>vero</span> <span class='ocrx_word' id='word_1_114' title='bbox 592 1853 669 1905; x_wconf 91' lang='lat' dir='ltr'>non,</span> <span class='ocrx_word' id='word_1_115' title='bbox 687 1841 816 1913; x_wconf 86' lang='lat' dir='ltr'>oportet</span> <span class='ocrx_word' id='word_1_116' title='bbox 837 1834 926 1913; x_wconf 90' lang='lat' dir='ltr'>quod</span> <span class='ocrx_word' id='word_1_117' title='bbox 943 1833 983 1893; x_wconf 88' lang='lat' dir='ltr'>sit</span> <span class='ocrx_word' id='word_1_118' title='bbox 1004 1833 1113 1913; x_wconf 88' lang='lat' dir='ltr'>aliqua</span> <span class='ocrx_word' id='word_1_119' title='bbox 1223 1819 1226 1826; x_wconf 39' lang='lat'>¹</span> 
     </span>
    </p>
   </div>
   <div class='ocr_carea' id='block_1_4' title="bbox 139 1939 1116 3620">
    <p class='ocr_par' dir='ltr' id='par_1_5' title="bbox 139 1939 1116 3620">
     <span class='ocr_line' id='line_1_16' title="bbox 140 1939 1114 2020; baseline 0.002 -20"><span class='ocrx_word' id='word_1_120' title='bbox 140 1959 247 2000; x_wconf 84' lang='lat' dir='ltr'>cansa</span> <span class='ocrx_word' id='word_1_121' title='bbox 270 1939 302 2000; x_wconf 93' lang='lat' dir='ltr'>in</span> <span class='ocrx_word' id='word_1_122' title='bbox 326 1939 381 2000; x_wconf 83' lang='lat' dir='ltr'>eis</span> <span class='ocrx_word' id='word_1_123' title='bbox 404 1975 449 1986; x_wconf 95' lang='lat'>—</span> <span class='ocrx_word' id='word_1_124' title='bbox 473 1940 520 2001; x_wconf 83' lang='lat' dir='ltr'>Et</span> <span class='ocrx_word' id='word_1_125' title='bbox 535 1950 705 2020; x_wconf 70' lang='lat' dir='ltr'>proterea,</span> <span class='ocrx_word' id='word_1_126' title='bbox 730 1940 761 2001; x_wconf 94' lang='lat' dir='ltr'>in</span> <span class='ocrx_word' id='word_1_127' title='bbox 785 1939 937 2001; x_wconf 88' lang='lat' dir='ltr'>omnibus</span> <span class='ocrx_word' id='word_1_128' title='bbox 961 1941 1114 2020; x_wconf 91' lang='lat' dir='ltr'>operibus</span> 
     </span>
     <span class='ocr_line' id='line_1_17' title="bbox 146 2045 1113 2128; baseline 0.001 -21"><span class='ocrx_word' id='word_1_129' title='bbox 146 2045 268 2107; x_wconf 82' lang='lat' dir='ltr'>divinae</span> <span class='ocrx_word' id='word_1_130' title='bbox 294 2045 521 2107; x_wconf 68' lang='lat' dir='ltr'>misericordiae</span> <span class='ocrx_word' id='word_1_131' title='bbox 538 2046 701 2109; x_wconf 86' lang='lat' dir='ltr'>concurrit</span> <span class='ocrx_word' id='word_1_132' title='bbox 721 2046 862 2126; x_wconf 84' lang='lat' dir='ltr'>justitia;</span> <span class='ocrx_word' id='word_1_133' title='bbox 880 2046 935 2106; x_wconf 87' lang='lat' dir='ltr'>sed</span> <span class='ocrx_word' id='word_1_134' title='bbox 953 2065 1017 2128; x_wconf 93' lang='lat' dir='ltr'>non</span> <span class='ocrx_word' id='word_1_135' title='bbox 1035 2067 1113 2108; x_wconf 89' lang='lat' dir='ltr'>con-</span> 
     </span>
     <span class='ocr_line' id='line_1_18' title="bbox 140 2153 1113 2234; baseline 0 -20"><span class='ocrx_word' id='word_1_136' title='bbox 140 2163 293 2214; x_wconf 83' lang='lat' dir='ltr'>curreret</span> <span class='ocrx_word' id='word_1_137' title='bbox 314 2153 437 2232; x_wconf 88' lang='lat' dir='ltr'>justitia</span> <span class='ocrx_word' id='word_1_138' title='bbox 453 2153 478 2214; x_wconf 92' lang='lat' dir='ltr'>si</span> <span class='ocrx_word' id='word_1_139' title='bbox 502 2162 607 2215; x_wconf 84' lang='lat' dir='ltr'>essent</span> <span class='ocrx_word' id='word_1_140' title='bbox 623 2154 690 2215; x_wconf 87' lang='lat' dir='ltr'>dno</span> <span class='ocrx_word' id='word_1_141' title='bbox 707 2153 858 2234; x_wconf 83' lang='lat' dir='ltr'>aequales,</span> <span class='ocrx_word' id='word_1_142' title='bbox 875 2162 907 2213; x_wconf 90' lang='lat' dir='ltr'>et</span> <span class='ocrx_word' id='word_1_143' title='bbox 924 2174 1008 2214; x_wconf 90' lang='lat' dir='ltr'>unus</span> <span class='ocrx_word' id='word_1_144' title='bbox 1032 2173 1113 2234; x_wconf 83' lang='lat' dir='ltr'>prae·</span> 
     </span>
     <span class='ocr_line' id='line_1_19' title="bbox 145 2259 1112 2340; baseline 0 -19"><span class='ocrx_word' id='word_1_145' title='bbox 145 2260 372 2331; x_wconf 83' lang='lat' dir='ltr'>destinaretur,</span> <span class='ocrx_word' id='word_1_146' title='bbox 396 2260 478 2321; x_wconf 85' lang='lat' dir='ltr'>alius</span> <span class='ocrx_word' id='word_1_147' title='bbox 502 2281 579 2321; x_wconf 90' lang='lat' dir='ltr'>vero</span> <span class='ocrx_word' id='word_1_148' title='bbox 604 2281 687 2332; x_wconf 93' lang='lat' dir='ltr'>non;</span> <span class='ocrx_word' id='word_1_149' title='bbox 719 2281 798 2340; x_wconf 82' lang='lat' dir='ltr'>ergo</span> <span class='ocrx_word' id='word_1_150' title='bbox 821 2269 869 2321; x_wconf 87' lang='lat' dir='ltr'>est</span> <span class='ocrx_word' id='word_1_151' title='bbox 900 2259 1007 2340; x_wconf 89' lang='lat' dir='ltr'>aliqua</span> <span class='ocrx_word' id='word_1_152' title='bbox 1039 2259 1112 2321; x_wconf 86' lang='lat' dir='ltr'>inae·</span> 
     </span>
     <span class='ocr_line' id='line_1_20' title="bbox 139 2365 1112 2447; baseline 0.002 -21"><span class='ocrx_word' id='word_1_153' title='bbox 139 2366 288 2447; x_wconf 34' lang='lat' dir='ltr'>*qualitas</span> <span class='ocrx_word' id='word_1_154' title='bbox 311 2367 343 2427; x_wconf 93' lang='lat' dir='ltr'>in</span> <span class='ocrx_word' id='word_1_155' title='bbox 374 2366 429 2427; x_wconf 90' lang='lat' dir='ltr'>eis.</span> <span class='ocrx_word' id='word_1_156' title='bbox 453 2403 497 2412; x_wconf 99' lang='lat'><em>-</em></span> <span class='ocrx_word' id='word_1_157' title='bbox 527 2367 668 2429; x_wconf 74' lang='lat' dir='ltr'>(s&#39;ltcrius</span> <span class='ocrx_word' id='word_1_158' title='bbox 703 2367 780 2427; x_wconf 91' lang='lat' dir='ltr'>dicit</span> <span class='ocrx_word' id='word_1_159' title='bbox 804 2366 892 2446; x_wconf 93' lang='lat' dir='ltr'>quod</span> <span class='ocrx_word' id='word_1_160' title='bbox 929 2365 980 2427; x_wconf 85' lang='lat' dir='ltr'>illa</span> <span class='ocrx_word' id='word_1_161' title='bbox 1014 2387 1112 2428; x_wconf 84' lang='lat' dir='ltr'>causa</span> 
     </span>
     <span class='ocr_line' id='line_1_21' title="bbox 146 2471 1109 2555; baseline 0.003 -23"><span class='ocrx_word' id='word_1_162' title='bbox 146 2473 439 2555; x_wconf 85' lang='lat' dir='ltr'>praedestinationis</span> <span class='ocrx_word' id='word_1_163' title='bbox 462 2483 510 2535; x_wconf 86' lang='lat' dir='ltr'>est</span> <span class='ocrx_word' id='word_1_164' title='bbox 534 2474 639 2536; x_wconf 89' lang='lat' dir='ltr'>bonus</span> <span class='ocrx_word' id='word_1_165' title='bbox 663 2493 740 2534; x_wconf 89' lang='lat' dir='ltr'>usus</span> <span class='ocrx_word' id='word_1_166' title='bbox 763 2472 851 2534; x_wconf 90' lang='lat' dir='ltr'>liberi</span> <span class='ocrx_word' id='word_1_167' title='bbox 875 2471 996 2534; x_wconf 86' lang='lat' dir='ltr'>arbitrii</span> <span class='ocrx_word' id='word_1_168' title='bbox 1028 2493 1109 2553; x_wconf 85' lang='lat' dir='ltr'>prae·</span> 
     </span>
     <span class='ocr_line' id='line_1_22' title="bbox 145 2576 1111 2660; baseline -0.001 -19"><span class='ocrx_word' id='word_1_169' title='bbox 145 2579 237 2642; x_wconf 88' lang='lat' dir='ltr'>visus</span> <span class='ocrx_word' id='word_1_170' title='bbox 266 2601 285 2640; x_wconf 86' lang='lat' dir='ltr'>a</span> <span class='ocrx_word' id='word_1_171' title='bbox 317 2580 406 2653; x_wconf 89' lang='lat' dir='ltr'>Deo;</span> <span class='ocrx_word' id='word_1_172' title='bbox 443 2576 542 2640; x_wconf 81' lang='lat' dir='ltr'>unde¹</span> <span class='ocrx_word' id='word_1_173' title='bbox 563 2580 639 2660; x_wconf 89' lang='lat' dir='ltr'>quia</span> <span class='ocrx_word' id='word_1_174' title='bbox 675 2581 765 2640; x_wconf 88' lang='lat' dir='ltr'>Deus</span> <span class='ocrx_word' id='word_1_175' title='bbox 800 2578 949 2660; x_wconf 68' lang='lat' dir='ltr'>praevidit</span> <span class='ocrx_word' id='word_1_176' title='bbox 980 2579 1111 2640; x_wconf 87' lang='lat' dir='ltr'>Petrum</span> 
     </span>
     <span class='ocr_line' id='line_1_23' title="bbox 146 2685 1113 2765; baseline 0 -18"><span class='ocrx_word' id='word_1_177' title='bbox 146 2687 232 2747; x_wconf 87' lang='lat' dir='ltr'>bene</span> <span class='ocrx_word' id='word_1_178' title='bbox 256 2706 390 2747; x_wconf 87' lang='lat' dir='ltr'>usurum</span> <span class='ocrx_word' id='word_1_179' title='bbox 420 2686 519 2747; x_wconf 83' lang='lat' dir='ltr'>libero</span> <span class='ocrx_word' id='word_1_180' title='bbox 550 2686 682 2747; x_wconf 84' lang='lat' dir='ltr'>arbitrio</span> <span class='ocrx_word' id='word_1_181' title='bbox 706 2695 737 2747; x_wconf 91' lang='lat' dir='ltr'>et</span> <span class='ocrx_word' id='word_1_182' title='bbox 762 2685 880 2765; x_wconf 85' lang='lat' dir='ltr'>Judam</span> <span class='ocrx_word' id='word_1_183' title='bbox 914 2687 1006 2756; x_wconf 85' lang='lat' dir='ltr'>male,</span> <span class='ocrx_word' id='word_1_184' title='bbox 1040 2686 1113 2747; x_wconf 87' lang='lat' dir='ltr'>ideo</span> 
     </span>
     <span class='ocr_line' id='line_1_24' title="bbox 149 2774 1023 2872; baseline -0.002 -18"><span class='ocrx_word' id='word_1_185' title='bbox 149 2793 282 2854; x_wconf 90' lang='lat' dir='ltr'>Petrum</span> <span class='ocrx_word' id='word_1_186' title='bbox 308 2793 559 2872; x_wconf 72' lang='lat' dir='ltr'>praedestinavit,</span> <span class='ocrx_word' id='word_1_187' title='bbox 585 2792 704 2872; x_wconf 88' lang='lat' dir='ltr'>Judam</span> <span class='ocrx_word' id='word_1_188' title='bbox 730 2813 806 2853; x_wconf 87' lang='lat' dir='ltr'>vero</span> <span class='ocrx_word' id='word_1_189' title='bbox 830 2774 1023 2872; x_wconf 81' lang='lat' dir='ltr'>reprobavit.</span> 
     </span>
     <span class='ocr_line' id='line_1_25' title="bbox 219 2898 1113 2981; baseline 0 -21"><span class='ocrx_word' id='word_1_190' title='bbox 219 2899 286 2960; x_wconf 79' lang='lat' dir='ltr'>Sed</span> <span class='ocrx_word' id='word_1_191' title='bbox 305 2898 456 2981; x_wconf 69' lang='lat' dir='ltr'>oly&#39;icitnr</span> <span class='ocrx_word' id='word_1_192' title='bbox 479 2908 593 2960; x_wconf 88' lang='lat' dir='ltr'>contra</span> <span class='ocrx_word' id='word_1_193' title='bbox 615 2918 688 2960; x_wconf 87' lang='lat' dir='ltr'>eam</span> <span class='ocrx_word' id='word_1_194' title='bbox 715 2919 769 2979; x_wconf 89' lang='lat' dir='ltr'>per</span> <span class='ocrx_word' id='word_1_195' title='bbox 794 2898 856 2959; x_wconf 88' lang='lat' dir='ltr'>hoc</span> <span class='ocrx_word' id='word_1_196' title='bbox 884 2899 973 2979; x_wconf 89' lang='lat' dir='ltr'>quod</span> <span class='ocrx_word' id='word_1_197' title='bbox 1006 2899 1113 2960; x_wconf 84' lang='lat' dir='ltr'>bonus</span> 
     </span>
     <span class='ocr_line' id='line_1_26' title="bbox 147 3005 1113 3087; baseline -0.002 -19"><span class='ocrx_word' id='word_1_198' title='bbox 147 3026 228 3068; x_wconf 85' lang='lat' dir='ltr'>usus</span> <span class='ocrx_word' id='word_1_199' title='bbox 252 3006 339 3067; x_wconf 90' lang='lat' dir='ltr'>liberi</span> <span class='ocrx_word' id='word_1_200' title='bbox 363 3007 483 3068; x_wconf 88' lang='lat' dir='ltr'>arbitrii</span> <span class='ocrx_word' id='word_1_201' title='bbox 508 3006 645 3086; x_wconf 88' lang='lat' dir='ltr'>pertinet</span> <span class='ocrx_word' id='word_1_202' title='bbox 669 3007 710 3066; x_wconf 88' lang='lat' dir='ltr'>ad</span> <span class='ocrx_word' id='word_1_203' title='bbox 736 3005 891 3087; x_wconf 80' lang='lat' dir='ltr'>gratiam3</span> <span class='ocrx_word' id='word_1_204' title='bbox 916 3025 996 3086; x_wconf 84' lang='lat' dir='ltr'>ergo</span> <span class='ocrx_word' id='word_1_205' title='bbox 1018 3006 1113 3086; x_wconf 91' lang='lat' dir='ltr'>perti·</span> 
     </span>
     <span class='ocr_line' id='line_1_27' title="bbox 149 3112 1115 3194; baseline 0 -21"><span class='ocrx_word' id='word_1_206' title='bbox 149 3121 207 3174; x_wconf 93' lang='lat' dir='ltr'>net</span> <span class='ocrx_word' id='word_1_207' title='bbox 229 3112 271 3173; x_wconf 88' lang='lat' dir='ltr'>ad</span> <span class='ocrx_word' id='word_1_208' title='bbox 302 3113 453 3174; x_wconf 84' lang='lat' dir='ltr'>effectum</span> <span class='ocrx_word' id='word_1_209' title='bbox 486 3112 787 3194; x_wconf 85' lang='lat' dir='ltr'>praedestinationis;</span> <span class='ocrx_word' id='word_1_210' title='bbox 820 3121 852 3173; x_wconf 87' lang='lat' dir='ltr'>et</span> <span class='ocrx_word' id='word_1_211' title='bbox 884 3113 926 3172; x_wconf 90' lang='lat' dir='ltr'>ita</span> <span class='ocrx_word' id='word_1_212' title='bbox 958 3132 1023 3172; x_wconf 95' lang='lat' dir='ltr'>non</span> <span class='ocrx_word' id='word_1_213' title='bbox 1055 3113 1115 3173; x_wconf 89' lang='lat' dir='ltr'>erit</span> 
     </span>
     <span class='ocr_line' id='line_1_28' title="bbox 149 3218 1112 3301; baseline 0 -21"><span class='ocrx_word' id='word_1_214' title='bbox 149 3218 233 3280; x_wconf 89' lang='lat' dir='ltr'>ratio</span> <span class='ocrx_word' id='word_1_215' title='bbox 249 3220 510 3301; x_wconf 64' lang='lat' dir='ltr'>praedestinandi.</span> <span class='ocrx_word' id='word_1_216' title='bbox 535 3255 579 3266; x_wconf 91' lang='lat'><em>-</em></span> <span class='ocrx_word' id='word_1_217' title='bbox 602 3219 782 3299; x_wconf 78' lang='lat' dir='ltr'>Respondet</span> <span class='ocrx_word' id='word_1_218' title='bbox 797 3220 886 3299; x_wconf 86' lang='lat' dir='ltr'>quod</span> <span class='ocrx_word' id='word_1_219' title='bbox 911 3219 1017 3280; x_wconf 90' lang='lat' dir='ltr'>bonus</span> <span class='ocrx_word' id='word_1_220' title='bbox 1034 3239 1112 3280; x_wconf 89' lang='lat' dir='ltr'>usus</span> 
     </span>
     <span class='ocr_line' id='line_1_29' title="bbox 142 3325 1111 3406; baseline 0 -20"><span class='ocrx_word' id='word_1_221' title='bbox 142 3326 399 3406; x_wconf 83' lang='lat' dir='ltr'>quodammodo</span> <span class='ocrx_word' id='word_1_222' title='bbox 423 3347 488 3388; x_wconf 93' lang='lat' dir='ltr'>non</span> <span class='ocrx_word' id='word_1_223' title='bbox 521 3326 694 3388; x_wconf 87' lang='lat' dir='ltr'>includitur</span> <span class='ocrx_word' id='word_1_224' title='bbox 726 3326 786 3387; x_wconf 84' lang='lat' dir='ltr'>snb</span> <span class='ocrx_word' id='word_1_225' title='bbox 817 3325 1111 3406; x_wconf 82' lang='lat' dir='ltr'>praedestinatione,</span> 
     </span>
     <span class='ocr_line' id='line_1_30' title="bbox 150 3431 1116 3513; baseline -0.002 -19"><span class='ocrx_word' id='word_1_226' title='bbox 150 3451 212 3494; x_wconf 89' lang='lat' dir='ltr'>nec</span> <span class='ocrx_word' id='word_1_227' title='bbox 235 3432 296 3493; x_wconf 91' lang='lat' dir='ltr'>sub</span> <span class='ocrx_word' id='word_1_228' title='bbox 319 3432 388 3513; x_wconf 85' lang='lat' dir='ltr'>ejus</span> <span class='ocrx_word' id='word_1_229' title='bbox 411 3432 537 3505; x_wconf 81' lang='lat' dir='ltr'>effectu,</span> <span class='ocrx_word' id='word_1_230' title='bbox 563 3433 635 3495; x_wconf 87' lang='lat' dir='ltr'>licet</span> <span class='ocrx_word' id='word_1_231' title='bbox 659 3453 724 3494; x_wconf 94' lang='lat' dir='ltr'>non</span> <span class='ocrx_word' id='word_1_232' title='bbox 749 3432 789 3493; x_wconf 91' lang='lat' dir='ltr'>sit</span> <span class='ocrx_word' id='word_1_233' title='bbox 812 3431 879 3493; x_wconf 88' lang='lat' dir='ltr'>sine</span> <span class='ocrx_word' id='word_1_234' title='bbox 895 3431 964 3511; x_wconf 85' lang='lat' dir='ltr'>ejus</span> <span class='ocrx_word' id='word_1_235' title='bbox 986 3431 1116 3503; x_wconf 81' lang='lat' dir='ltr'>effectu,</span> 
     </span>
     <span class='ocr_line' id='line_1_31' title="bbox 149 3537 1111 3620; baseline -0.001 -20"><span class='ocrx_word' id='word_1_236' title='bbox 149 3537 210 3600; x_wconf 91' lang='lat' dir='ltr'>nisi</span> <span class='ocrx_word' id='word_1_237' title='bbox 234 3539 274 3600; x_wconf 90' lang='lat' dir='ltr'>sit</span> <span class='ocrx_word' id='word_1_238' title='bbox 297 3539 486 3601; x_wconf 87' lang='lat' dir='ltr'>distinctum</span> <span class='ocrx_word' id='word_1_239' title='bbox 511 3541 600 3620; x_wconf 92' lang='lat' dir='ltr'>quod</span> <span class='ocrx_word' id='word_1_240' title='bbox 616 3550 665 3600; x_wconf 88' lang='lat' dir='ltr'>est</span> <span class='ocrx_word' id='word_1_241' title='bbox 689 3537 981 3620; x_wconf 68' lang='lat' dir='ltr'>praedestinationis</span> <span class='ocrx_word' id='word_1_242' title='bbox 1005 3538 1047 3599; x_wconf 91' lang='lat' dir='ltr'>ab</span> <span class='ocrx_word' id='word_1_243' title='bbox 1071 3559 1111 3599; x_wconf 92' lang='lat' dir='ltr'>eo</span> 
     </span>
    </p>
   </div>
   <div class='ocr_carea' id='block_1_5' title="bbox 144 3645 579 3726">
    <p class='ocr_par' dir='ltr' id='par_1_6' title="bbox 144 3645 579 3726">
     <span class='ocr_line' id='line_1_32' title="bbox 144 3645 579 3726; baseline 0 -20"><span class='ocrx_word' id='word_1_244' title='bbox 144 3645 242 3726; x_wconf 92' lang='lat' dir='ltr'>quod</span> <span class='ocrx_word' id='word_1_245' title='bbox 264 3655 313 3708; x_wconf 90' lang='lat' dir='ltr'>est</span> <span class='ocrx_word' id='word_1_246' title='bbox 336 3646 424 3708; x_wconf 88' lang='lat' dir='ltr'>liberi</span> <span class='ocrx_word' id='word_1_247' title='bbox 448 3645 579 3708; x_wconf 88' lang='lat' dir='ltr'>arbitrii.</span> 
     </span>
    </p>
   </div>
   <div class='ocr_carea' id='block_1_6' title="bbox 0 0 1349 4209">
    <p class='ocr_par' dir='ltr' id='par_1_7' title="bbox 0 0 1349 4209">
     <span class='ocr_line' id='line_1_33' title="bbox 0 0 1349 4209; baseline 0 0"><span class='ocrx_word' id='word_1_248' title='bbox 0 0 1349 4209; x_wconf 95' lang='lat' dir='ltr'> </span> 
     </span>
    </p>
   </div>
  </div>
 </body>
</html>
