2684 4209
243 255 306 334 298
504 253 579 316 Lrn.
603 255 618 317 Ι
643 253 938 318 Snnrnnrrnnuu

218 460 309 542 quod
326 459 438 522 relatio
462 459 623 528 inhaerens
647 480 712 522 non
737 459 905 522 constituit
928 459 1134 540 suppositum
1152 458 1187 520 in

218 587 288 630 esse
310 565 510 640 substantiae,
534 567 591 628 sed
607 567 720 630 relatio
743 567 851 629 divina
868 586 933 628 non
956 575 1005 628 est
1025 565 1189 627 inhaerens

219 674 277 736 sed
301 673 487 736 subsistens.

289 888 349 951 Ao
373 903 516 954 Parnon
548 901 765 952 nnrncrpnns
797 887 870 950 dico
901 889 991 970 quod
1020 885 1187 970 generatio

219 996 390 1078 aequivoca
413 1018 478 1059 non
502 995 658 1077 accipitur
683 1015 781 1077 penes
804 995 1021 1077 suppositum,
1046 993 1101 1057 sed
1125 1013 1181 1074 pe-

221 1123 278 1166 nes
301 1103 476 1165 terminum
509 1102 678 1166 formalem
708 1101 937 1184 ipsius=geniti;
968 1111 1002 1164 et
1032 1101 1104 1162 ideo
1128 1099 1184 1160 ubi

219 1218 269 1272 est
302 1209 489 1282 similitudo,
525 1209 629 1271 immo
663 1228 793 1271 sumnia
828 1208 978 1270 identitas
1009 1209 1090 1270 inter
1126 1225 1182 1288 ge-

223 1336 338 1379 nerans
368 1325 401 1378 et
438 1316 585 1399 genitum
602 1313 765 1397 'respectu
796 1315 924 1377 termini
957 1313 1107 1386 formalis,
1139 1312 1183 1374 ibi

220 1431 270 1484 est
301 1423 447 1484 maxima
478 1423 643 1511 generatio
676 1422 813 1484 univoca
844 1431 876 1483 et
908 1442 973 1484 non
1005 1421 1181 1503 aequivoca.

223 1529 276 1594 Sic
299 1538 410 1592 autern
433 1539 482 1592 est
505 1529 537 1591 in
563 1529 740 1611 proposito
758 1529 840 1610 'quia
863 1529 1010 1602 essentia,
1039 1548 1114 1610 quae
1136 1535 1184 1588 est

222 1637 381 1698 terminus
404 1635 547 1699 formalis
576 1635 801 1718 generationis
833 1645 882 1698 est
913 1636 1041 1717 penitus
1071 1634 1185 1697 eadem

227 1743 259 1806 in
283 1743 377 1806 Patre
400 1753 432 1804 et
456 1743 548 1805 Filio.

289 1850 348 1912 Ad
366 1851 554 1921 secundum,
583 1850 697 1912 dicunt
720 1849 844 1930 antiqui
868 1857 900 1910 et
923 1849 1006 1911 bene
1036 1846 1189 1929 quamvis

225 1955 324 2037 aliqui
348 1967 487 2038 arguant
510 1966 632 2028 contra,
657 1957 747 2037 quod
771 1955 940 2018 relationes
956 1954 1097 2037 originis
1111 1973 1190 2015 con—

222 2062 370 2135 stituunt,
394 2073 427 2125 et
451 2084 516 2125 non
540 2063 710 2125 relationes
732 2083 923 2132 commutes,
948 2061 1024 2143 quia
1047 2061 1109 2123 illae
1138 2081 1188 2122 re-

193 2168 195 2171 ’
223 2168 358 2231 lationes
380 2190 455 2250 quae
480 2171 587 2250 primo
611 2169 772 2251 pullulant
796 2170 827 2231 in
852 2169 998 2242 essentia;
1018 2167 1190 2229 relationes

224 2284 336 2337 autern
360 2276 467 2357 primo
491 2277 687 2358 pullulantes
709 2283 784 2338 sunt
808 2275 977 2339 relationes
1000 2273 1141 2356 originis.

290 2382 348 2443 Ad
367 2383 509 2457 tertium,
529 2382 603 2444 dico
626 2383 717 2463 quod
732 2383 848 2444 eodem
866 2382 966 2444 modo
981 2379 1188 2463 cognoscitur

226 2486 336 2560 Filius,
369 2509 436 2569 quo
467 2489 567 2551 modo
598 2489 806 2570 cognoscitur
837 2488 953 2550 relatio‘
979 2486 1188 2549 constitutiva

226 2593 308 2668 Filii;
333 2604 366 2657 et
389 2595 466 2675 quia
496 2595 608 2661 relatio
639 2595 848 2658 constitutiva
879 2595 949 2657 Filii
980 2593 1190 2676 cognoscitur

224 2699 254 2763 in
280 2701 457 2774 communi,
483 2700 555 2763 ideo
580 2701 681 2764 Filius
704 2702 911 2784 cognoscitur
945 2701 977 2764 in
1009 2699 1186 2763 communi.

223 2807 280 2869 llle
302 2817 412 2870 autern
438 2808 576 2889 Sapiens
599 2808 768 2890 quaerebat
797 2809 945 2871 notitiam
980 2807 1052 2869 Filii
1085 2804 1192 2889 magis

224 2913 257 2976 in
281 2915 420 2996 speciali.

294 3021 352 3082 Ad
373 3021 537 3094 ultimum,
561 3020 635 3083 dico
658 3022 748 3103 quod
777 3022 931 3103 quaedam
959 3030 1035 3084 sunt
1065 3019 1192 3082 relatio

225 3146 282 3188 nes
305 3147 411 3188 causae
435 3136 467 3188 et
490 3127 622 3201 causati,
646 3129 800 3210 quaedam
824 3117 900 3190 sunt
916 3127 1086 3190 relationes
1114 3147 1189 3208 pro-

224 3232 372 3296 ducentis
388 3242 419 3294 et
436 3234 596 3314 producti,
613 3235 768 3316 quaedam
785 3244 860 3297 sunt
876 3235 1045 3298 relationes
1058 3253 1191 3296 moven-

225 3339 266 3402 tis
288 3348 320 3400 et
345 3339 434 3401 moti.
468 3341 653 3402 Relationes
683 3361 789 3404 causoe
819 3350 851 3403 et
880 3341 1009 3404 causati
1027 3361 1092 3403 non
1113 3349 1189 3403 sunt

224 3445 467 3527 compossibiles
491 3466 550 3509 nec
574 3447 605 3509 in
629 3449 743 3511 eadem
773 3457 897 3522 natura,
919 3467 978 3510 nec
1009 3447 1040 3509 in
1072 3447 1189 3509 eodem

225 3553 404 3633 supposito,
429 3553 486 3614 sed
510 3555 668 3618 mouentis
690 3556 732 3617 ad
764 3563 884 3617 motum
907 3562 983 3617 sunt
1008 3551 1184 3634 compossi-

224 3657 307 3720 biles
330 3659 362 3720 in
386 3660 503 3722 eodem
527 3661 697 3743 supposito
728 3670 759 3724 et
790 3661 822 3723 in
854 3660 967 3724 eadem
999 3669 1124 3732 natura,
1154 3665 1190 3720 et
