2684 4209
522 262 597 327 Lm.
623 263 637 325 Ι
660 262 956 326 Sunrunrmnuu

252 495 255 504 =
325 512 329 525 .
360 468 446 551 igine
454 491 470 541 ,·
499 468 557 530 sed
580 468 685 530 vectio
708 477 741 530 et
771 468 898 551 vertigo
928 468 1128 530 reducuntur
1149 468 1193 530 ad

223 576 410 657 vpulsionem
427 584 459 637 et
474 575 678 637 tractionem.
704 574 741 636 In
758 575 907 656 pulsione
930 584 1041 637 autem
1064 584 1097 638 et
1112 584 1195 637 trac-

228 682 317 744 tione
341 701 475 743 movens
498 690 530 743 et
555 690 682 743 motum
700 690 776 743 sunt
800 681 906 755 simul,
923 680 1000 763 quia
1023 680 1129 763 pulsio
1144 690 1194 744 est

231 798 340 850 motus
362 809 382 850 a
405 797 567 863 movente,
592 797 715 850 tractus
737 797 849 850 autem
872 796 921 850 est
946 797 1055 850 motus
1081 789 1124 849 ad
1148 788 1195 870 ip

230 915 303 958 sum
329 914 464 957 movens
473 914 481 969 ;
505 914 594 977 ergo,

297 996 468 1069 Secund>
495 997 680 1086 probatur
711 998 785 1067 istu
816 996 1014 1068 Conclusio
1036 999 1069 1063 8.
1085 999 1193 1081 Phys.

221 1130 255 1171 u.
279 1128 310 1193 7.
333 1119 372 1171 tt.
396 1107 429 1171 8.
455 1128 513 1189 per
528 1108 718 1170 divisionem
742 1107 943 1169 moventium
966 1116 999 1169 et
1023 1116 1191 1170 motorum

230 1214 291 1277 sic:
316 1215 461 1296 primum
494 1234 629 1277 movens
653 1235 718 1276 non
751 1223 900 1275 movetur
931 1214 973 1276 ab
1003 1213 1066 1276 alio
1089 1235 1149 1276 nec
1172 1235 1194 1277 a

229 1342 281 1397 se;
305 1342 385 1403 ergo
408 1322 498 1383 nullo
530 1322 629 1383 modo
653 1330 814 1383 movetur.
837 1317 1068 1402 Consequentia
1090 1329 1193 1402 patet,

222 1428 417 1491 ¹antecedens
441 1427 613 1509 probatur:

302 1534 470 1609 anutnm
498 1536 546 1597 ud
560 1535 709 1615 primam
734 1543 864 1615 purtem
895 1534 957 1597 sic:
990 1533 1023 1597 Si
1047 1534 1194 1615 primum

231 1661 367 1703 movens
391 1650 540 1703 movetur
563 1641 605 1703 ab
628 1640 701 1715 alio,
725 1650 783 1703 aut
807 1640 869 1702 hoc
892 1651 941 1702 est
963 1661 1020 1722 per
1043 1640 1193 1703 accidens

229 1756 287 1810 aut
311 1768 367 1829 per
395 1767 445 1822 se;
477 1749 534 1809 sed
566 1768 631 1810 non
669 1757 818 1810 movetur
852 1768 909 1829 per
940 1747 1098 1821 accidens
1123 1757 1194 1809 tum

229 1854 307 1936 quia
330 1855 420 1936 quod
444 1875 500 1935 per
531 1854 680 1917 accidens
711 1855 802 1929 inest,
835 1874 901 1916 non
932 1855 973 1915 de
1004 1854 1194 1916 necessitate

232 1962 323 2034 inest,
347 1971 379 2023 et
403 1961 447 2023 sic
471 1969 577 2042 potest
610 1982 675 2023 non
699 1961 818 2035 inesse;
850 1971 919 2023 tum
943 1960 1019 2042 quia
1043 1960 1075 2023 in
1099 1970 1194 2022 motu

230 2078 306 2129 sunt
329 2068 398 2141 tria,
423 2068 542 2129 scilicet
555 2088 694 2140 mouens,
716 2068 968 2130 instrumentum
980 2076 1013 2129 et
1033 2088 1083 2129 res
1096 2077 1193 2145 motu;

231 2175 288 2236 sed
319 2174 570 2236 instrumentum
602 2183 713 2235 movet
740 2184 771 2235 et
796 2183 962 2237 movetur:
997 2194 1048 2236 res
1081 2182 1193 2236 autem

231 2290 316 2343 moto
349 2289 498 2343 movetur
529 2290 561 2342 et
596 2300 661 2343 non
694 2288 821 2355 movet;
853 2301 932 2363 ergo
967 2300 1101 2342 movens
1126 2300 1195 2343 mo

231 2396 285 2449 vet
308 2398 341 2450 et
365 2408 430 2450 non
467 2396 645 2461 movetur;
675 2398 743 2450 tmn
779 2387 855 2469 quia
889 2388 1111 2469 Anaxagoras
1138 2408 1196 2468 po·

230 2494 294 2556 suit
310 2494 518 2569 intellectum,
536 2494 627 2567 idest,
645 2494 784 2575 primam
801 2514 943 2567 causam,
961 2493 1194 2575 impassibilem

232 2608 264 2661 et
288 2600 499 2663 immobilem.
525 2601 594 2662 Nec
625 2600 722 2662 etiam
741 2601 890 2681 primurn
921 2620 1051 2662 ntooens
1081 2621 1195 2663 move-

231 2716 284 2769 tur
308 2728 364 2788 per
380 2728 423 2781 se,
447 2708 523 2789 quia
546 2708 662 2769 eodem
689 2707 788 2769 modo
804 2716 886 2770 esset
909 2708 941 2769 in
965 2707 1109 2789 qualibet
1124 2728 1196 2789 spe·

233 2814 280 2875 cie
314 2822 431 2887 motuS,
463 2823 495 2875 ct
526 2815 570 2876 sic
602 2814 772 2895 projiciens
811 2815 951 2895 lapidem
983 2814 1194 2896 projiceretur

232 2942 289 3003 per
314 2942 357 2993 se,
383 2921 472 3002 quod
496 2930 543 2981 est
567 2919 694 2984 falsum.

300 3028 449 3089 Secunda
461 3038 543 3108 pars
558 3026 782 3098 antecedentis,
803 3028 922 3089 scilicet
942 3028 1032 3109 quod
1049 3027 1193 3109 primum

234 3154 368 3195 movens
392 3154 457 3195 non
476 3143 625 3222 movetur
648 3154 726 3206 asc,
752 3124 908 3215 probatur
931 3134 1110 3216 dupliciter,
1123 3144 1194 3196 tum

223 3240 307 3320 ¹quia
332 3239 500 3301 relationes
528 3240 698 3321 oppositae,
723 3240 842 3302 scilicet
873 3241 1029 3303 mourntis
1059 3250 1092 3302 et
1116 3241 1197 3303 inuti

231 3355 337 3408 essent
361 3346 392 3407 in
416 3347 532 3409 eodem
557 3346 663 3419 simul,
690 3360 757 3409 turn
783 3348 858 3429 quia
882 3348 967 3409 idem
992 3347 1087 3409 simul
1110 3357 1195 3410 esset

232 3453 264 3514 in
288 3461 362 3514 actu
379 3463 411 3514 et
435 3453 589 3534 potentia.
616 3452 734 3515 Scotus
750 3453 827 3515 dicit
843 3454 930 3516 illam
952 3454 1110 3516 rationem
1127 3476 1193 3517 non

232 3559 424 3620 concludere
448 3558 634 3640 simpliciter
651 3560 913 3623 immobilitatem
938 3561 1009 3634 Dei,
1034 3560 1194 3643 quianon

233 3664 306 3745 plus
329 3664 495 3727 concludit
518 3665 576 3727 nisi
600 3667 691 3747 quod
716 3667 860 3747 primum
885 3688 1019 3730 movens
1043 3689 1109 3731 non
1127 3689 1196 3731 mo
