2684 4209
347 304 534 367 Drsrrucr.
558 304 592 368 V
616 302 818 387 QuAEsr.11
1028 324 1088 389 133

145 529 257 590 agenS,
281 517 314 572 et
337 530 403 572 non
427 509 573 592 exigeret
597 510 767 573 materiam
790 510 917 592 dequo
945 510 995 574 vel
1023 513 1112 576 circa

145 637 247 696 quam
281 624 403 697 ageret,
427 617 484 679 sed
508 626 618 699 posset
640 617 820 699 producere
842 617 994 680 effectum
1014 639 1112 682 suum

146 743 190 784 ex
214 743 258 796 se,
283 730 362 785 tunc
384 732 468 786 esset
499 724 673 806 productio
703 725 771 787 sine
802 723 991 787 mutatione.
1007 724 1112 789 ‘Cum

148 849 228 912 ergo
263 830 296 891 in
335 830 452 892 divinis
487 829 565 892 nihil
600 831 641 892 sit
685 829 947 912 imperfectionis
982 841 1113 914 oportet

145 937 238 1018 quod
262 936 305 998 ibi
330 937 370 998 sit
393 937 568 1019 productio
591 935 723 1018 perfecti
747 937 816 999 sine
843 939 1033 1014 mutatione;
1055 939 1112 1002 sed

151 1043 287 1105 materia
311 1044 361 1105 vel
385 1043 477 1124 quasi
503 1044 637 1105 materia
661 1063 727 1105 non
742 1044 895 1126 exigitur,
912 1045 970 1107 nisi
988 1045 1113 1109 ratione

148 1151 276 1232 agentis
304 1149 483 1232 imperfecti
519 1160 552 1211 et
583 1150 707 1212 ratione
738 1152 937 1226 mutationis,
969 1172 1049 1234 ergo
1080 1152 1112 1214 in

147 1257 364 1338 productione
389 1277 585 1339 quacunque
612 1257 722 1319 divina
737 1277 804 1320 non
836 1267 965 1340 oportet
993 1279 1114 1340 ponere

151 1365 320 1426 materiam
345 1365 395 1426 vel
418 1364 511 1445 quasi
536 1363 715 1425 materiam.
740 1399 784 1410 -
800 1365 856 1425 Ex
879 1363 929 1426 his
945 1375 1034 1446 patet
1055 1385 1113 1448 per

149 1471 237 1532 viam
262 1470 430 1544 corollarii,
457 1470 549 1551 quod
573 1472 739 1551 generatio
755 1491 821 1532 non
836 1470 1036 1545 transfertur,
1054 1492 1114 1535 nec

149 1578 283 1658 ponitur
307 1577 339 1638 in
363 1577 480 1638 divinis
508 1577 570 1638 sub
601 1577 725 1638 ratione
746 1577 953 1664 ‘mutationis
985 1579 1062 1659 quia
1092 1578 1115 1640 i-

147 1693 200 1746 sto
226 1683 326 1746 modo
349 1684 428 1746 dicit
450 1682 730 1765 imperfectionem
738 1706 745 1761 ;
771 1684 902 1766 ponitur
925 1693 1035 1746 autem
1052 1685 1113 1748 sub

149 1791 274 1853 ratione
298 1791 528 1872 productionis

217 1893 436 1964 Secundum
467 1897 710 1972 declarandum,
742 1897 862 1960 scilicet
892 1899 983 1979 quod
1013 1898 1115 1962 Filius

149 2026 226 2068 vere
249 2005 289 2066 sit
313 2005 354 2066 de
376 2005 556 2068 substantia
580 2005 692 2079 Patris,
717 2004 814 2066 debet
837 2007 882 2067 sic
905 2005 1049 2088 intelligi,
1079 2015 1116 2069 ut

150 2113 185 2192 ly
223 2112 264 2173 de
309 2133 374 2175 non
398 2113 485 2174 dicat
508 2111 642 2193 praecise
665 2111 928 2194 originationem,
956 2112 1033 2194 quia
1053 2113 1115 2175 isto

151 2219 253 2280 modo
277 2229 433 2281 creaturae
458 2228 563 2280 essent
586 2218 627 2280 de
650 2219 831 2281 substantia
855 2218 930 2296 Dci3
955 2239 1014 2280 nec
1031 2239 1115 2300 prae·

147 2325 215 2387 eise
238 2325 624 2398 consubstnntialitatcni,
653 2327 730 2407 quia
753 2335 831 2388 tunc
855 2328 948 2387 Pater
971 2335 1054 2388 esset
1074 2327 1116 2388 de

149 2432 333 2494 substantia
370 2433 457 2510 Filii;
482 2433 539 2494 sed
564 2433 597 2513 ly
631 2434 671 2495 de
698 2433 776 2494 dicit
802 2433 1053 2515 originationem
1082 2441 1115 2495 et

148 2538 524 2602 consubstnntinlitotem
556 2540 662 2612 simul,
695 2549 731 2601 ut
776 2541 816 2601 sit
850 2558 976 2602 sensus:
1015 2539 1116 2602 Filius

148 2656 200 2708 est
224 2645 265 2707 de
293 2647 474 2708 substantia
504 2648 615 2721 Patris,
648 2648 731 2709 idest
761 2648 940 2730 originatur
971 2667 991 2708 a
1021 2647 1116 2709 Patre

149 2762 183 2815 et
207 2754 506 2815 consubstantiatur
530 2755 568 2816 ei.
594 2755 638 2817 Et
661 2775 705 2816 ex
740 2753 803 2817 hoc
826 2763 916 2836 patet
943 2755 1033 2835 quod
1066 2753 1117 2815 Fi·

150 2860 212 2922 lius
237 2880 303 2922 non
326 2870 374 2922 est
397 2862 438 2923 de
469 2861 578 2935 nihilo,
610 2861 688 2942 quia
718 2862 743 2922 si
767 2860 871 2924 forma
895 2861 1116 2943 praeexisteret

148 2967 346 3048 composit0‚
371 2976 449 3030 tunc
479 2969 700 3049 compositum
733 2990 798 3031 non
829 2969 947 3031 dicitur
977 2967 1044 3028 lieri
1075 2969 1116 3030 de

152 3074 264 3148 nihilo,
289 3075 367 3136 dato
399 3075 489 3156 quod
522 3095 586 3137 non
619 3076 842 3157 praeexisteret
871 3076 993 3158 aliquid
1024 3075 1116 3158 quasi

152 3181 297 3243 materia.
324 3181 472 3244 Essentia
496 3192 606 3244 autem
630 3184 673 3244 ad
704 3183 820 3256 minus,
852 3184 1029 3245 secundum
1062 3203 1118 3244 no-

149 3299 257 3350 strum
283 3289 419 3351 modum
448 3290 645 3372 intelligendi
659 3291 840 3372 praeexistit
853 3299 890 3352 ut
912 3289 1026 3364 forma,
1043 3291 1117 3354 ideo

152 3416 219 3457 non
245 3396 389 3476 sequitur
414 3398 505 3477 quod
530 3397 630 3460 Filius
654 3398 695 3460 sit
718 3398 759 3459 de
790 3397 899 3472 nihilo,
924 3408 956 3460 et
987 3399 1032 3460 sic
1064 3419 1118 3480 pa-

151 3511 200 3565 tet
224 3502 266 3564 ad
290 3513 524 3585 argumentum
549 3505 663 3586 primae
689 3505 860 3586 opinionis.

219 3605 286 3676 Ad
317 3614 550 3698 argumenta
573 3621 684 3674 autern
708 3609 838 3675 alterius
861 3614 1030 3694 opinioniS,
1060 3636 1118 3696 pa-

146 3726 196 3779 tet
220 3718 263 3778 ad
292 3717 356 3779 dito
381 3717 496 3799 primo
528 3719 668 3782 dicendo
699 3722 788 3803 quod
820 3743 885 3785 non
917 3724 1119 3787 concludunt
