<?xml version="1.0" encoding="UTF-8"?>
<!DOCTYPE html PUBLIC "-//W3C//DTD XHTML 1.0 Transitional//EN"
    "http://www.w3.org/TR/xhtml1/DTD/xhtml1-transitional.dtd">
<html xmlns="http://www.w3.org/1999/xhtml" xml:lang="en" lang="en">
 <head>
  <title>
</title>
<meta http-equiv="Content-Type" content="text/html;charset=utf-8" />
  <meta name='ocr-system' content='tesseract 3.04.00' />
  <meta name='ocr-capabilities' content='ocr_page ocr_carea ocr_par ocr_line ocrx_word'/>
</head>
<body>
  <div class='ocr_page' id='page_1' title='image "./commentariainli01scotgoog_0148.png"; bbox 0 0 2684 4209; ppageno 0'>
   <div class='ocr_carea' id='block_1_1' title="bbox 255 236 943 314">
    <p class='ocr_par' dir='ltr' id='par_1_1' title="bbox 255 236 943 314">
     <span class='ocr_line' id='line_1_1' title="bbox 255 236 943 314; baseline 0.003 -16"><span class='ocrx_word' id='word_1_1' title='bbox 255 251 314 314; x_wconf 86' lang='lat'>132</span> <span class='ocrx_word' id='word_1_2' title='bbox 510 236 584 300; x_wconf 81' lang='lat' dir='ltr'>Lra.</span> <span class='ocrx_word' id='word_1_3' title='bbox 609 237 624 299; x_wconf 88' lang='grc' dir='ltr'><strong>Ι</strong></span> <span class='ocrx_word' id='word_1_4' title='bbox 648 237 943 301; x_wconf 77' lang='lat' dir='ltr'>Sanrnnnanun</span> 
     </span>
    </p>
   </div>
   <div class='ocr_carea' id='block_1_2' title="bbox 203 437 1206 1699">
    <p class='ocr_par' dir='ltr' id='par_1_2' title="bbox 203 437 1200 845">
     <span class='ocr_line' id='line_1_2' title="bbox 300 437 1200 526; baseline -0.006 -17"><span class='ocrx_word' id='word_1_5' title='bbox 300 437 444 526; x_wconf 79' lang='lat' dir='ltr'>Quarto</span> <span class='ocrx_word' id='word_1_6' title='bbox 468 442 526 504; x_wconf 87' lang='lat' dir='ltr'>sic:</span> <span class='ocrx_word' id='word_1_7' title='bbox 551 442 627 506; x_wconf 94' lang='lat' dir='ltr'>Non</span> <span class='ocrx_word' id='word_1_8' title='bbox 651 452 700 506; x_wconf 92' lang='lat' dir='ltr'>est</span> <span class='ocrx_word' id='word_1_9' title='bbox 723 441 942 524; x_wconf 83' lang='lat' dir='ltr'>imperfectior</span> <span class='ocrx_word' id='word_1_10' title='bbox 958 442 1104 524; x_wconf 90' lang='lat' dir='ltr'>potentia</span> <span class='ocrx_word' id='word_1_11' title='bbox 1120 462 1200 523; x_wconf 91' lang='lat' dir='ltr'>pro-</span> 
     </span>
     <span class='ocr_line' id='line_1_3' title="bbox 231 547 1194 631; baseline -0.001 -21"><span class='ocrx_word' id='word_1_12' title='bbox 231 547 362 611; x_wconf 90' lang='lat' dir='ltr'>ductiva</span> <span class='ocrx_word' id='word_1_13' title='bbox 384 549 433 611; x_wconf 84' lang='lat' dir='ltr'>ad</span> <span class='ocrx_word' id='word_1_14' title='bbox 453 549 552 622; x_wconf 83' lang='lat' dir='ltr'>intra,</span> <span class='ocrx_word' id='word_1_15' title='bbox 576 570 677 630; x_wconf 90' lang='lat' dir='ltr'>quam</span> <span class='ocrx_word' id='word_1_16' title='bbox 694 549 839 631; x_wconf 90' lang='lat' dir='ltr'>potentia</span> <span class='ocrx_word' id='word_1_17' title='bbox 855 550 996 612; x_wconf 86' lang='lat' dir='ltr'>creativa</span> <span class='ocrx_word' id='word_1_18' title='bbox 1011 550 1059 612; x_wconf 86' lang='lat' dir='ltr'>ad</span> <span class='ocrx_word' id='word_1_19' title='bbox 1076 560 1194 622; x_wconf 81' lang='lat' dir='ltr'>extra,-</span> 
     </span>
     <span class='ocr_line' id='line_1_4' title="bbox 203 655 1190 738; baseline -0.001 -20"><span class='ocrx_word' id='word_1_20' title='bbox 203 655 287 718; x_wconf 77' lang='lat' dir='ltr'>‘sed</span> <span class='ocrx_word' id='word_1_21' title='bbox 319 656 464 737; x_wconf 89' lang='lat' dir='ltr'>potentia</span> <span class='ocrx_word' id='word_1_22' title='bbox 494 655 634 718; x_wconf 89' lang='lat' dir='ltr'>creativa</span> <span class='ocrx_word' id='word_1_23' title='bbox 664 657 706 719; x_wconf 89' lang='lat' dir='ltr'>ad</span> <span class='ocrx_word' id='word_1_24' title='bbox 737 667 831 719; x_wconf 87' lang='lat' dir='ltr'>extra</span> <span class='ocrx_word' id='word_1_25' title='bbox 867 678 931 719; x_wconf 93' lang='lat' dir='ltr'>non</span> <span class='ocrx_word' id='word_1_26' title='bbox 964 656 1190 738; x_wconf 82' lang='lat' dir='ltr'>praesupponit</span> 
     </span>
     <span class='ocr_line' id='line_1_5' title="bbox 233 762 1083 845; baseline 0 -21"><span class='ocrx_word' id='word_1_27' title='bbox 233 763 412 836; x_wconf 86' lang='lat' dir='ltr'>materiam,</span> <span class='ocrx_word' id='word_1_28' title='bbox 437 783 496 824; x_wconf 92' lang='lat' dir='ltr'>nec</span> <span class='ocrx_word' id='word_1_29' title='bbox 520 762 640 844; x_wconf 90' lang='lat' dir='ltr'>aliquid</span> <span class='ocrx_word' id='word_1_30' title='bbox 664 763 756 845; x_wconf 91' lang='lat' dir='ltr'>quasi</span> <span class='ocrx_word' id='word_1_31' title='bbox 781 763 965 838; x_wconf 88' lang='lat' dir='ltr'>materiam;</span> <span class='ocrx_word' id='word_1_32' title='bbox 994 783 1083 845; x_wconf 87' lang='lat' dir='ltr'>ergo.</span> 
     </span>
    </p>

    <p class='ocr_par' dir='ltr' id='par_1_3' title="bbox 234 864 1206 1699">
     <span class='ocr_line' id='line_1_6' title="bbox 306 864 1199 952; baseline -0.003 -17"><span class='ocrx_word' id='word_1_33' title='bbox 306 864 443 936; x_wconf 83' lang='lat' dir='ltr'>Ultimo</span> <span class='ocrx_word' id='word_1_34' title='bbox 466 869 527 930; x_wconf 90' lang='lat' dir='ltr'>sic:</span> <span class='ocrx_word' id='word_1_35' title='bbox 554 868 743 933; x_wconf 90' lang='lat' dir='ltr'>Secundum</span> <span class='ocrx_word' id='word_1_36' title='bbox 768 870 1007 952; x_wconf 88' lang='lat' dir='ltr'>Augustinum,</span> <span class='ocrx_word' id='word_1_37' title='bbox 1042 879 1079 931; x_wconf 92' lang='lat' dir='ltr'>ut</span> <span class='ocrx_word' id='word_1_38' title='bbox 1107 877 1199 950; x_wconf 86' lang='lat' dir='ltr'>patet</span> 
     </span>
     <span class='ocr_line' id='line_1_7' title="bbox 234 975 1198 1058; baseline -0.001 -22"><span class='ocrx_word' id='word_1_39' title='bbox 234 995 292 1058; x_wconf 90' lang='lat' dir='ltr'>per</span> <span class='ocrx_word' id='word_1_40' title='bbox 316 975 510 1057; x_wconf 86' lang='lat' dir='ltr'>Magistrum</span> <span class='ocrx_word' id='word_1_41' title='bbox 534 977 566 1038; x_wconf 94' lang='lat' dir='ltr'>in</span> <span class='ocrx_word' id='word_1_42' title='bbox 591 977 706 1049; x_wconf 85' lang='lat' dir='ltr'>littera,</span> <span class='ocrx_word' id='word_1_43' title='bbox 736 976 779 1038; x_wconf 85' lang='lat' dir='ltr'>ita</span> <span class='ocrx_word' id='word_1_44' title='bbox 809 986 858 1038; x_wconf 89' lang='lat' dir='ltr'>est</span> <span class='ocrx_word' id='word_1_45' title='bbox 890 976 1028 1058; x_wconf 87' lang='lat' dir='ltr'>Spiritus</span> <span class='ocrx_word' id='word_1_46' title='bbox 1059 975 1198 1039; x_wconf 86' lang='lat' dir='ltr'>Sanctus</span> 
     </span>
     <span class='ocr_line' id='line_1_8' title="bbox 235 1082 1204 1158; baseline -0.001 -14"><span class='ocrx_word' id='word_1_47' title='bbox 235 1082 277 1154; x_wconf 84' lang='lat' dir='ltr'>de</span> <span class='ocrx_word' id='word_1_48' title='bbox 307 1083 487 1145; x_wconf 86' lang='lat' dir='ltr'>substantia</span> <span class='ocrx_word' id='word_1_49' title='bbox 519 1083 620 1145; x_wconf 91' lang='lat' dir='ltr'>Patris</span> <span class='ocrx_word' id='word_1_50' title='bbox 651 1094 685 1145; x_wconf 89' lang='lat' dir='ltr'>et</span> <span class='ocrx_word' id='word_1_51' title='bbox 716 1082 800 1158; x_wconf 86' lang='lat' dir='ltr'>Filii,</span> <span class='ocrx_word' id='word_1_52' title='bbox 832 1083 915 1145; x_wconf 90' lang='lat' dir='ltr'>sicut</span> <span class='ocrx_word' id='word_1_53' title='bbox 948 1082 1049 1145; x_wconf 83' lang='lat' dir='ltr'>Filius</span> <span class='ocrx_word' id='word_1_54' title='bbox 1079 1091 1127 1144; x_wconf 91' lang='lat' dir='ltr'>est</span> <span class='ocrx_word' id='word_1_55' title='bbox 1157 1083 1204 1144; x_wconf 86' lang='lat' dir='ltr'>de</span> 
     </span>
     <span class='ocr_line' id='line_1_9' title="bbox 237 1189 1197 1271; baseline 0 -20"><span class='ocrx_word' id='word_1_56' title='bbox 237 1189 416 1252; x_wconf 84' lang='lat' dir='ltr'>substantia</span> <span class='ocrx_word' id='word_1_57' title='bbox 440 1191 556 1266; x_wconf 84' lang='lat' dir='ltr'>Patris;</span> <span class='ocrx_word' id='word_1_58' title='bbox 581 1190 637 1252; x_wconf 89' lang='lat' dir='ltr'>sed</span> <span class='ocrx_word' id='word_1_59' title='bbox 662 1190 802 1271; x_wconf 87' lang='lat' dir='ltr'>Spiritus</span> <span class='ocrx_word' id='word_1_60' title='bbox 833 1190 984 1263; x_wconf 89' lang='lat' dir='ltr'>Sanctus,</span> <span class='ocrx_word' id='word_1_61' title='bbox 1016 1190 1197 1252; x_wconf 90' lang='lat' dir='ltr'>secundum</span> 
     </span>
     <span class='ocr_line' id='line_1_10' title="bbox 237 1295 1198 1378; baseline -0.001 -21"><span class='ocrx_word' id='word_1_62' title='bbox 237 1295 325 1369; x_wconf 70' lang='lat' dir='ltr'>istos</span> <span class='ocrx_word' id='word_1_63' title='bbox 351 1316 416 1358; x_wconf 91' lang='lat' dir='ltr'>non</span> <span class='ocrx_word' id='word_1_64' title='bbox 440 1305 488 1358; x_wconf 90' lang='lat' dir='ltr'>est</span> <span class='ocrx_word' id='word_1_65' title='bbox 511 1296 552 1358; x_wconf 91' lang='lat' dir='ltr'>de</span> <span class='ocrx_word' id='word_1_66' title='bbox 574 1297 712 1359; x_wconf 87' lang='lat' dir='ltr'>essentia</span> <span class='ocrx_word' id='word_1_67' title='bbox 736 1306 772 1360; x_wconf 91' lang='lat' dir='ltr'>ut</span> <span class='ocrx_word' id='word_1_68' title='bbox 795 1297 836 1359; x_wconf 92' lang='lat' dir='ltr'>de</span> <span class='ocrx_word' id='word_1_69' title='bbox 861 1297 1006 1370; x_wconf 88' lang='lat' dir='ltr'>materia,</span> <span class='ocrx_word' id='word_1_70' title='bbox 1031 1295 1107 1378; x_wconf 89' lang='lat' dir='ltr'>quia</span> <span class='ocrx_word' id='word_1_71' title='bbox 1127 1316 1198 1378; x_wconf 93' lang='lat' dir='ltr'>pro-</span> 
     </span>
     <span class='ocr_line' id='line_1_11' title="bbox 237 1402 1202 1485; baseline 0 -21"><span class='ocrx_word' id='word_1_72' title='bbox 237 1402 351 1465; x_wconf 91' lang='lat' dir='ltr'>ductio</span> <span class='ocrx_word' id='word_1_73' title='bbox 375 1402 514 1484; x_wconf 91' lang='lat' dir='ltr'>Spiritus</span> <span class='ocrx_word' id='word_1_74' title='bbox 538 1402 659 1476; x_wconf 87' lang='lat' dir='ltr'>Sancti,</span> <span class='ocrx_word' id='word_1_75' title='bbox 684 1404 865 1467; x_wconf 87' lang='lat' dir='ltr'>secundum</span> <span class='ocrx_word' id='word_1_76' title='bbox 890 1424 956 1476; x_wconf 88' lang='lat' dir='ltr'>eos,</span> <span class='ocrx_word' id='word_1_77' title='bbox 987 1413 1037 1465; x_wconf 87' lang='lat' dir='ltr'>est</span> <span class='ocrx_word' id='word_1_78' title='bbox 1060 1425 1116 1485; x_wconf 90' lang='lat' dir='ltr'>per</span> <span class='ocrx_word' id='word_1_79' title='bbox 1147 1423 1202 1466; x_wconf 87' lang='lat' dir='ltr'>ex-</span> 
     </span>
     <span class='ocr_line' id='line_1_12' title="bbox 240 1509 1206 1592; baseline 0.001 -22"><span class='ocrx_word' id='word_1_80' title='bbox 240 1509 474 1588; x_wconf 86' lang='lat' dir='ltr'>sufflationem;</span> <span class='ocrx_word' id='word_1_81' title='bbox 499 1530 578 1592; x_wconf 85' lang='lat' dir='ltr'>ergo</span> <span class='ocrx_word' id='word_1_82' title='bbox 603 1510 704 1573; x_wconf 87' lang='lat' dir='ltr'>Filius</span> <span class='ocrx_word' id='word_1_83' title='bbox 727 1532 793 1573; x_wconf 91' lang='lat' dir='ltr'>non</span> <span class='ocrx_word' id='word_1_84' title='bbox 817 1521 866 1573; x_wconf 90' lang='lat' dir='ltr'>est</span> <span class='ocrx_word' id='word_1_85' title='bbox 889 1511 931 1573; x_wconf 88' lang='lat' dir='ltr'>de</span> <span class='ocrx_word' id='word_1_86' title='bbox 946 1510 1127 1573; x_wconf 88' lang='lat' dir='ltr'>substantia</span> <span class='ocrx_word' id='word_1_87' title='bbox 1143 1511 1206 1572; x_wconf 88' lang='lat' dir='ltr'>Pa-</span> 
     </span>
     <span class='ocr_line' id='line_1_13' title="bbox 241 1615 1013 1699; baseline 0.001 -22"><span class='ocrx_word' id='word_1_88' title='bbox 241 1615 307 1690; x_wconf 89' lang='lat' dir='ltr'>tris,</span> <span class='ocrx_word' id='word_1_89' title='bbox 333 1625 369 1678; x_wconf 93' lang='lat' dir='ltr'>ut</span> <span class='ocrx_word' id='word_1_90' title='bbox 392 1617 433 1678; x_wconf 92' lang='lat' dir='ltr'>de</span> <span class='ocrx_word' id='word_1_91' title='bbox 457 1618 591 1679; x_wconf 89' lang='lat' dir='ltr'>materia</span> <span class='ocrx_word' id='word_1_92' title='bbox 615 1618 663 1680; x_wconf 86' lang='lat' dir='ltr'>vel</span> <span class='ocrx_word' id='word_1_93' title='bbox 689 1619 779 1699; x_wconf 87' lang='lat' dir='ltr'>quasi</span> <span class='ocrx_word' id='word_1_94' title='bbox 804 1619 846 1680; x_wconf 88' lang='lat' dir='ltr'>de</span> <span class='ocrx_word' id='word_1_95' title='bbox 870 1617 1013 1680; x_wconf 90' lang='lat' dir='ltr'>materia.</span> 
     </span>
    </p>
   </div>
   <div class='ocr_carea' id='block_1_3' title="bbox 243 1828 1212 2017">
    <p class='ocr_par' dir='ltr' id='par_1_4' title="bbox 243 1828 1212 2017">
     <span class='ocr_line' id='line_1_14' title="bbox 316 1828 1208 1913; baseline -0.004 -19"><span class='ocrx_word' id='word_1_96' title='bbox 316 1828 538 1913; x_wconf 73' lang='lat' dir='ltr'>Quantum</span> <span class='ocrx_word' id='word_1_97' title='bbox 562 1831 627 1896; x_wconf 85' lang='lat' dir='ltr'>act</span> <span class='ocrx_word' id='word_1_98' title='bbox 647 1831 824 1896; x_wconf 77' lang='lat' dir='ltr'>tertium</span> <span class='ocrx_word' id='word_1_99' title='bbox 860 1829 1125 1912; x_wconf 76' lang='lat' dir='ltr'>Articulum,</span> <span class='ocrx_word' id='word_1_100' title='bbox 1157 1849 1208 1890; x_wconf 88' lang='lat' dir='ltr'>se-</span> 
     </span>
     <span class='ocr_line' id='line_1_15' title="bbox 243 1935 1212 2017; baseline 0.001 -20"><span class='ocrx_word' id='word_1_101' title='bbox 243 1935 376 2016; x_wconf 91' lang='lat' dir='ltr'>quendo</span> <span class='ocrx_word' id='word_1_102' title='bbox 399 1936 586 2017; x_wconf 85' lang='lat' dir='ltr'>opinionem</span> <span class='ocrx_word' id='word_1_103' title='bbox 611 1937 764 2000; x_wconf 91' lang='lat' dir='ltr'>Doctoris</span> <span class='ocrx_word' id='word_1_104' title='bbox 788 1938 899 2010; x_wconf 90' lang='lat' dir='ltr'>nostri,</span> <span class='ocrx_word' id='word_1_105' title='bbox 924 1938 998 2000; x_wconf 93' lang='lat' dir='ltr'>dico</span> <span class='ocrx_word' id='word_1_106' title='bbox 1021 1957 1099 1999; x_wconf 89' lang='lat' dir='ltr'>cum</span> <span class='ocrx_word' id='word_1_107' title='bbox 1121 1937 1212 1998; x_wconf 81' lang='lat' dir='ltr'>Boc-—</span> 
     </span>
    </p>
   </div>
   <div class='ocr_carea' id='block_1_4' title="bbox 244 2028 1324 2231">
    <p class='ocr_par' dir='ltr' id='par_1_5' title="bbox 244 2028 1324 2231">
     <span class='ocr_line' id='line_1_16' title="bbox 244 2028 1324 2126; baseline 0 -22"><span class='ocrx_word' id='word_1_108' title='bbox 244 2042 370 2104; x_wconf 90' lang='lat' dir='ltr'>toribus</span> <span class='ocrx_word' id='word_1_109' title='bbox 393 2044 491 2106; x_wconf 90' lang='lat' dir='ltr'>etiam</span> <span class='ocrx_word' id='word_1_110' title='bbox 522 2043 673 2126; x_wconf 89' lang='lat' dir='ltr'>antiquis,</span> <span class='ocrx_word' id='word_1_111' title='bbox 691 2044 780 2125; x_wconf 89' lang='lat' dir='ltr'>quod</span> <span class='ocrx_word' id='word_1_112' title='bbox 797 2045 1001 2126; x_wconf 92' lang='lat' dir='ltr'>temporibus</span> <span class='ocrx_word' id='word_1_113' title='bbox 1016 2045 1115 2106; x_wconf 89' lang='lat' dir='ltr'>etiam</span> <span class='ocrx_word' id='word_1_114' title='bbox 1136 2043 1208 2106; x_wconf 85' lang='lat' dir='ltr'>Au·</span> <span class='ocrx_word' id='word_1_115' title='bbox 1323 2028 1324 2071; x_wconf 62' lang='lat'>³</span> 
     </span>
     <span class='ocr_line' id='line_1_17' title="bbox 244 2149 1323 2231; baseline 0.001 -21"><span class='ocrx_word' id='word_1_116' title='bbox 244 2149 363 2231; x_wconf 87' lang='lat' dir='ltr'>gustini</span> <span class='ocrx_word' id='word_1_117' title='bbox 389 2151 495 2213; x_wconf 86' lang='lat' dir='ltr'>nullus</span> <span class='ocrx_word' id='word_1_118' title='bbox 519 2149 579 2213; x_wconf 87' lang='lat' dir='ltr'>suit</span> <span class='ocrx_word' id='word_1_119' title='bbox 601 2171 700 2214; x_wconf 90' lang='lat' dir='ltr'>ausus</span> <span class='ocrx_word' id='word_1_120' title='bbox 724 2151 893 2213; x_wconf 91' lang='lat' dir='ltr'>nominare</span> <span class='ocrx_word' id='word_1_121' title='bbox 917 2150 949 2213; x_wconf 93' lang='lat' dir='ltr'>in</span> <span class='ocrx_word' id='word_1_122' title='bbox 974 2150 1091 2213; x_wconf 91' lang='lat' dir='ltr'>divinis</span> <span class='ocrx_word' id='word_1_123' title='bbox 1108 2159 1210 2211; x_wconf 76' lang='lat' dir='ltr'>mate</span> <span class='ocrx_word' id='word_1_124' title='bbox 1322 2184 1323 2201; x_wconf 35' lang='grc' dir='ltr'><strong>κ</strong></span> 
     </span>
    </p>
   </div>
   <div class='ocr_carea' id='block_1_5' title="bbox 246 2256 1213 2445">
    <p class='ocr_par' dir='ltr' id='par_1_6' title="bbox 246 2256 1213 2445">
     <span class='ocr_line' id='line_1_18' title="bbox 246 2256 1207 2339; baseline -0.001 -22"><span class='ocrx_word' id='word_1_125' title='bbox 246 2256 327 2318; x_wconf 88' lang='lat' dir='ltr'>riam</span> <span class='ocrx_word' id='word_1_126' title='bbox 351 2257 401 2318; x_wconf 91' lang='lat' dir='ltr'>vel</span> <span class='ocrx_word' id='word_1_127' title='bbox 425 2257 517 2338; x_wconf 90' lang='lat' dir='ltr'>quasi</span> <span class='ocrx_word' id='word_1_128' title='bbox 542 2257 721 2320; x_wconf 89' lang='lat' dir='ltr'>materiam.</span> <span class='ocrx_word' id='word_1_129' title='bbox 747 2257 792 2320; x_wconf 90' lang='lat' dir='ltr'>Et</span> <span class='ocrx_word' id='word_1_130' title='bbox 814 2267 894 2320; x_wconf 90' lang='lat' dir='ltr'>tunc</span> <span class='ocrx_word' id='word_1_131' title='bbox 918 2278 1007 2339; x_wconf 91' lang='lat' dir='ltr'>pono</span> <span class='ocrx_word' id='word_1_132' title='bbox 1022 2258 1090 2320; x_wconf 92' lang='lat' dir='ltr'>duo</span> <span class='ocrx_word' id='word_1_133' title='bbox 1105 2256 1207 2318; x_wconf 89' lang='lat' dir='ltr'>dicta:</span> 
     </span>
     <span class='ocr_line' id='line_1_19' title="bbox 246 2362 1213 2445; baseline 0 -21"><span class='ocrx_word' id='word_1_134' title='bbox 246 2362 400 2425; x_wconf 86' lang='lat' dir='ltr'><em>Primum</em></span> <span class='ocrx_word' id='word_1_135' title='bbox 423 2364 513 2445; x_wconf 92' lang='lat' dir='ltr'>quod</span> <span class='ocrx_word' id='word_1_136' title='bbox 538 2363 638 2427; x_wconf 88' lang='lat' dir='ltr'>Filius</span> <span class='ocrx_word' id='word_1_137' title='bbox 662 2385 728 2427; x_wconf 91' lang='lat' dir='ltr'>non</span> <span class='ocrx_word' id='word_1_138' title='bbox 752 2374 801 2427; x_wconf 88' lang='lat' dir='ltr'>est</span> <span class='ocrx_word' id='word_1_139' title='bbox 823 2365 865 2427; x_wconf 91' lang='lat' dir='ltr'>de</span> <span class='ocrx_word' id='word_1_140' title='bbox 897 2364 1079 2427; x_wconf 89' lang='lat' dir='ltr'>substantia</span> <span class='ocrx_word' id='word_1_141' title='bbox 1107 2363 1213 2426; x_wconf 89' lang='lat' dir='ltr'>Patris</span> 
     </span>
    </p>
   </div>
   <div class='ocr_carea' id='block_1_6' title="bbox 244 2466 1322 2557">
    <p class='ocr_par' dir='ltr' id='par_1_7' title="bbox 244 2466 1322 2557">
     <span class='ocr_line' id='line_1_20' title="bbox 244 2466 1322 2557; baseline 0 -25"><span class='ocrx_word' id='word_1_142' title='bbox 244 2470 336 2551; x_wconf 87' lang='lat' dir='ltr'>quasi</span> <span class='ocrx_word' id='word_1_143' title='bbox 360 2470 401 2532; x_wconf 91' lang='lat' dir='ltr'>de</span> <span class='ocrx_word' id='word_1_144' title='bbox 426 2471 568 2532; x_wconf 86' lang='lat' dir='ltr'>materia.</span> <span class='ocrx_word' id='word_1_145' title='bbox 594 2469 789 2546; x_wconf 82' lang='lat' dir='ltr'>Secundum,</span> <span class='ocrx_word' id='word_1_146' title='bbox 821 2472 921 2553; x_wconf 91' lang='lat' dir='ltr'>quod,</span> <span class='ocrx_word' id='word_1_147' title='bbox 954 2470 1017 2533; x_wconf 90' lang='lat' dir='ltr'>hoc</span> <span class='ocrx_word' id='word_1_148' title='bbox 1048 2491 1113 2533; x_wconf 94' lang='lat' dir='ltr'>non</span> <span class='ocrx_word' id='word_1_149' title='bbox 1139 2466 1214 2557; x_wconf 78' lang='lat' dir='ltr'>[ob-</span> <span class='ocrx_word' id='word_1_150' title='bbox 1321 2504 1322 2511; x_wconf 21' lang='grc' dir='ltr'><strong>κ</strong></span> 
     </span>
    </p>
   </div>
   <div class='ocr_carea' id='block_1_7' title="bbox 189 2576 1220 3727">
    <p class='ocr_par' dir='ltr' id='par_1_8' title="bbox 246 2576 1211 2650">
     <span class='ocr_line' id='line_1_21' title="bbox 246 2576 1211 2650; baseline -0.001 -12"><span class='ocrx_word' id='word_1_151' title='bbox 246 2585 361 2650; x_wconf 88' lang='lat' dir='ltr'>stante,</span> <span class='ocrx_word' id='word_1_152' title='bbox 384 2577 493 2640; x_wconf 90' lang='lat' dir='ltr'>adhuc</span> <span class='ocrx_word' id='word_1_153' title='bbox 518 2576 618 2640; x_wconf 90' lang='lat' dir='ltr'>Filius</span> <span class='ocrx_word' id='word_1_154' title='bbox 642 2598 717 2640; x_wconf 90' lang='lat' dir='ltr'>vere</span> <span class='ocrx_word' id='word_1_155' title='bbox 738 2588 788 2642; x_wconf 89' lang='lat' dir='ltr'>est</span> <span class='ocrx_word' id='word_1_156' title='bbox 811 2579 853 2641; x_wconf 92' lang='lat' dir='ltr'>de</span> <span class='ocrx_word' id='word_1_157' title='bbox 881 2577 1063 2641; x_wconf 88' lang='lat' dir='ltr'>substantia</span> <span class='ocrx_word' id='word_1_158' title='bbox 1096 2577 1211 2638; x_wconf 88' lang='lat' dir='ltr'>Patris.</span> 
     </span>
    </p>

    <p class='ocr_par' dir='ltr' id='par_1_9' title="bbox 246 2679 1216 2873">
     <span class='ocr_line' id='line_1_22' title="bbox 314 2679 1216 2751; baseline -0.007 -1"><span class='ocrx_word' id='word_1_159' title='bbox 314 2679 499 2751; x_wconf 72' lang='lat' dir='ltr'>Primum</span> <span class='ocrx_word' id='word_1_160' title='bbox 512 2685 639 2748; x_wconf 89' lang='lat' dir='ltr'>declaro</span> <span class='ocrx_word' id='word_1_161' title='bbox 651 2685 710 2749; x_wconf 89' lang='lat' dir='ltr'>sic:</span> <span class='ocrx_word' id='word_1_162' title='bbox 729 2684 903 2748; x_wconf 88' lang='lat' dir='ltr'>Generatio</span> <span class='ocrx_word' id='word_1_163' title='bbox 920 2685 952 2746; x_wconf 95' lang='lat' dir='ltr'>in</span> <span class='ocrx_word' id='word_1_164' title='bbox 976 2683 1129 2747; x_wconf 89' lang='lat' dir='ltr'>creaturis</span> <span class='ocrx_word' id='word_1_165' title='bbox 1144 2683 1216 2745; x_wconf 91' lang='lat' dir='ltr'>duo</span> 
     </span>
     <span class='ocr_line' id='line_1_23' title="bbox 246 2788 1214 2873; baseline 0 -21"><span class='ocrx_word' id='word_1_166' title='bbox 246 2789 334 2864; x_wconf 91' lang='lat' dir='ltr'>dicit,</span> <span class='ocrx_word' id='word_1_167' title='bbox 359 2791 479 2854; x_wconf 92' lang='lat' dir='ltr'>scilicet</span> <span class='ocrx_word' id='word_1_168' title='bbox 506 2793 717 2855; x_wconf 78' lang='lat' dir='ltr'>mutationem</span> <span class='ocrx_word' id='word_1_169' title='bbox 746 2801 778 2854; x_wconf 86' lang='lat' dir='ltr'>et</span> <span class='ocrx_word' id='word_1_170' title='bbox 804 2791 1059 2873; x_wconf 80' lang='lat' dir='ltr'>productionem,</span> <span class='ocrx_word' id='word_1_171' title='bbox 1086 2800 1120 2853; x_wconf 91' lang='lat' dir='ltr'>et</span> <span class='ocrx_word' id='word_1_172' title='bbox 1150 2788 1214 2852; x_wconf 85' lang='lat' dir='ltr'>sor-</span> 
     </span>
    </p>

    <p class='ocr_par' dir='ltr' id='par_1_10' title="bbox 189 2897 1220 3727">
     <span class='ocr_line' id='line_1_24' title="bbox 248 2897 1208 2979; baseline 0.001 -20"><span class='ocrx_word' id='word_1_173' title='bbox 248 2897 348 2960; x_wconf 90' lang='lat' dir='ltr'>males</span> <span class='ocrx_word' id='word_1_174' title='bbox 371 2898 512 2960; x_wconf 91' lang='lat' dir='ltr'>rationes</span> <span class='ocrx_word' id='word_1_175' title='bbox 534 2919 647 2962; x_wconf 90' lang='lat' dir='ltr'>eorum</span> <span class='ocrx_word' id='word_1_176' title='bbox 673 2908 750 2962; x_wconf 92' lang='lat' dir='ltr'>sunt</span> <span class='ocrx_word' id='word_1_177' title='bbox 772 2899 815 2960; x_wconf 92' lang='lat' dir='ltr'>ad</span> <span class='ocrx_word' id='word_1_178' title='bbox 837 2898 978 2961; x_wconf 88' lang='lat' dir='ltr'>invicem</span> <span class='ocrx_word' id='word_1_179' title='bbox 1004 2897 1208 2979; x_wconf 73' lang='lat' dir='ltr'>separabiles,</span> 
     </span>
     <span class='ocr_line' id='line_1_25' title="bbox 189 2988 1219 3088; baseline -0.002 -22"><span class='ocrx_word' id='word_1_180' title='bbox 189 2988 193 2999; x_wconf 50' lang='lat'><strong>¹</strong></span> <span class='ocrx_word' id='word_1_181' title='bbox 250 3024 327 3066; x_wconf 90' lang='lat' dir='ltr'>nam</span> <span class='ocrx_word' id='word_1_182' title='bbox 345 3005 514 3086; x_wconf 82' lang='lat' dir='ltr'>productio</span> <span class='ocrx_word' id='word_1_183' title='bbox 537 3015 585 3068; x_wconf 89' lang='lat' dir='ltr'>est</span> <span class='ocrx_word' id='word_1_184' title='bbox 607 3005 712 3068; x_wconf 82' lang='lat' dir='ltr'>forma</span> <span class='ocrx_word' id='word_1_185' title='bbox 735 3005 835 3088; x_wconf 91' lang='lat' dir='ltr'>ipsius</span> <span class='ocrx_word' id='word_1_186' title='bbox 857 3005 1007 3087; x_wconf 91' lang='lat' dir='ltr'>producti</span> <span class='ocrx_word' id='word_1_187' title='bbox 1030 3013 1063 3066; x_wconf 88' lang='lat' dir='ltr'>et</span> <span class='ocrx_word' id='word_1_188' title='bbox 1097 3003 1219 3066; x_wconf 86' lang='lat' dir='ltr'>accidit</span> 
     </span>
     <span class='ocr_line' id='line_1_26' title="bbox 250 3110 1219 3192; baseline -0.002 -19"><span class='ocrx_word' id='word_1_189' title='bbox 250 3110 310 3173; x_wconf 92' lang='lat' dir='ltr'>sibi</span> <span class='ocrx_word' id='word_1_190' title='bbox 334 3112 423 3192; x_wconf 93' lang='lat' dir='ltr'>quod</span> <span class='ocrx_word' id='word_1_191' title='bbox 458 3111 499 3174; x_wconf 92' lang='lat' dir='ltr'>sit</span> <span class='ocrx_word' id='word_1_192' title='bbox 532 3131 608 3174; x_wconf 91' lang='lat' dir='ltr'>cum</span> <span class='ocrx_word' id='word_1_193' title='bbox 638 3113 827 3186; x_wconf 85' lang='lat' dir='ltr'>mutatione,</span> <span class='ocrx_word' id='word_1_194' title='bbox 858 3112 996 3176; x_wconf 83' lang='lat' dir='ltr'>mutatio</span> <span class='ocrx_word' id='word_1_195' title='bbox 1025 3120 1135 3173; x_wconf 87' lang='lat' dir='ltr'>autern</span> <span class='ocrx_word' id='word_1_196' title='bbox 1166 3118 1219 3172; x_wconf 84' lang='lat' dir='ltr'>est</span> 
     </span>
     <span class='ocr_line' id='line_1_27' title="bbox 251 3217 1217 3301; baseline -0.002 -22"><span class='ocrx_word' id='word_1_197' title='bbox 251 3226 343 3280; x_wconf 88' lang='lat' dir='ltr'>actus</span> <span class='ocrx_word' id='word_1_198' title='bbox 366 3217 502 3298; x_wconf 88' lang='lat' dir='ltr'>subjecti</span> <span class='ocrx_word' id='word_1_199' title='bbox 530 3219 694 3282; x_wconf 91' lang='lat' dir='ltr'>mutabilis</span> <span class='ocrx_word' id='word_1_200' title='bbox 724 3220 815 3301; x_wconf 90' lang='lat' dir='ltr'>quod</span> <span class='ocrx_word' id='word_1_201' title='bbox 848 3219 889 3281; x_wconf 90' lang='lat' dir='ltr'>de</span> <span class='ocrx_word' id='word_1_202' title='bbox 919 3217 1102 3301; x_wconf 88' lang='lat' dir='ltr'>privatione</span> <span class='ocrx_word' id='word_1_203' title='bbox 1130 3225 1217 3278; x_wconf 87' lang='lat' dir='ltr'>tran·</span> 
     </span>
     <span class='ocr_line' id='line_1_28' title="bbox 252 3321 1220 3407; baseline -0.003 -21"><span class='ocrx_word' id='word_1_204' title='bbox 252 3323 293 3386; x_wconf 91' lang='lat' dir='ltr'>sit</span> <span class='ocrx_word' id='word_1_205' title='bbox 316 3322 357 3386; x_wconf 90' lang='lat' dir='ltr'>ad</span> <span class='ocrx_word' id='word_1_206' title='bbox 392 3322 547 3403; x_wconf 88' lang='lat' dir='ltr'>formam;</span> <span class='ocrx_word' id='word_1_207' title='bbox 584 3326 655 3388; x_wconf 83' lang='lat' dir='ltr'>haec</span> <span class='ocrx_word' id='word_1_208' title='bbox 690 3335 801 3389; x_wconf 92' lang='lat' dir='ltr'>autem</span> <span class='ocrx_word' id='word_1_209' title='bbox 834 3325 902 3388; x_wconf 91' lang='lat' dir='ltr'>duo</span> <span class='ocrx_word' id='word_1_210' title='bbox 937 3325 969 3386; x_wconf 89' lang='lat' dir='ltr'>in</span> <span class='ocrx_word' id='word_1_211' title='bbox 1009 3321 1220 3407; x_wconf 80' lang='lat' dir='ltr'>generatione</span> 
     </span>
     <span class='ocr_line' id='line_1_29' title="bbox 251 3429 1218 3515; baseline -0.003 -22"><span class='ocrx_word' id='word_1_212' title='bbox 251 3439 473 3494; x_wconf 85' lang='lat' dir='ltr'>creaturarum</span> <span class='ocrx_word' id='word_1_213' title='bbox 498 3432 753 3515; x_wconf 84' lang='lat' dir='ltr'>conjunguntur,</span> <span class='ocrx_word' id='word_1_214' title='bbox 777 3442 809 3495; x_wconf 89' lang='lat' dir='ltr'>et</span> <span class='ocrx_word' id='word_1_215' title='bbox 832 3433 914 3495; x_wconf 87' lang='lat' dir='ltr'>ratio</span> <span class='ocrx_word' id='word_1_216' title='bbox 938 3441 986 3494; x_wconf 88' lang='lat' dir='ltr'>est</span> <span class='ocrx_word' id='word_1_217' title='bbox 1009 3440 1143 3513; x_wconf 90' lang='lat' dir='ltr'>propter</span> <span class='ocrx_word' id='word_1_218' title='bbox 1159 3429 1218 3491; x_wconf 93' lang='lat' dir='ltr'>im-</span> 
     </span>
     <span class='ocr_line' id='line_1_30' title="bbox 254 3534 1218 3621; baseline -0.002 -23"><span class='ocrx_word' id='word_1_219' title='bbox 254 3534 485 3618; x_wconf 87' lang='lat' dir='ltr'>perfectionem</span> <span class='ocrx_word' id='word_1_220' title='bbox 516 3539 641 3621; x_wconf 86' lang='lat' dir='ltr'>agentis</span> <span class='ocrx_word' id='word_1_221' title='bbox 671 3539 780 3613; x_wconf 88' lang='lat' dir='ltr'>creati,</span> <span class='ocrx_word' id='word_1_222' title='bbox 811 3539 902 3620; x_wconf 92' lang='lat' dir='ltr'>quod</span> <span class='ocrx_word' id='word_1_223' title='bbox 933 3558 1063 3621; x_wconf 87' lang='lat' dir='ltr'>semper</span> <span class='ocrx_word' id='word_1_224' title='bbox 1093 3536 1218 3618; x_wconf 87' lang='lat' dir='ltr'>indiget</span> 
     </span>
     <span class='ocr_line' id='line_1_31' title="bbox 254 3642 1218 3727; baseline 0.001 -24"><span class='ocrx_word' id='word_1_225' title='bbox 254 3661 360 3724; x_wconf 90' lang='lat' dir='ltr'>passo.</span> <span class='ocrx_word' id='word_1_226' title='bbox 385 3642 419 3707; x_wconf 89' lang='lat' dir='ltr'>Si</span> <span class='ocrx_word' id='word_1_227' title='bbox 443 3652 552 3706; x_wconf 91' lang='lat' dir='ltr'>autem</span> <span class='ocrx_word' id='word_1_228' title='bbox 577 3665 735 3727; x_wconf 89' lang='lat' dir='ltr'>generans</span> <span class='ocrx_word' id='word_1_229' title='bbox 757 3653 903 3708; x_wconf 87' lang='lat' dir='ltr'>creatum</span> <span class='ocrx_word' id='word_1_230' title='bbox 928 3654 1012 3708; x_wconf 91' lang='lat' dir='ltr'>esset</span> <span class='ocrx_word' id='word_1_231' title='bbox 1036 3642 1218 3727; x_wconf 87' lang='lat' dir='ltr'>perfectum</span> 
     </span>
    </p>
   </div>
   <div class='ocr_carea' id='block_1_8' title="bbox 0 0 1376 4209">
    <p class='ocr_par' dir='ltr' id='par_1_11' title="bbox 0 0 1376 4209">
     <span class='ocr_line' id='line_1_32' title="bbox 0 0 1376 4209; baseline 0 0"><span class='ocrx_word' id='word_1_232' title='bbox 0 0 1376 4209; x_wconf 95' lang='lat' dir='ltr'> </span> 
     </span>
    </p>
   </div>
  </div>
 </body>
</html>
