2684 4209
355 250 366 273 ·
413 244 590 327 Quasi-ro
614 247 831 310 anurnms
1072 237 1095 329 ς’

141 450 181 514 fit
197 472 254 534 per
277 451 501 534 cognitionem
533 452 828 533 supernaturalem:
860 473 940 535 ergo
956 462 1055 516 ·etc.··
1069 489 1114 503 -

144 559 215 621 Ista
238 558 326 621 ratio
354 565 476 639 peccat,
502 558 579 639 quia
607 558 704 640 petit,
720 559 1116 643 iamiamqnon-quaes

143 666 239 753 ritur·
263 665 295 728 in
327 664 573 740 consecutiam
596 664 653 727 sed
685 664 803 746 probat
831 685 887 747 per
911 666 1027 728 isaiam
1060 666 1128 729 cui‘

144 792 213 835 non
239 772 380 833 multum
408 772 553 833 crederet
576 770 801 853 philosophus,
966 797 972 812 ¹
1001 802 1007 811 ·
1049 752 1053 758 ’
1127 801 1130 806 ’

213 874 346 945 Potest
365 874 460 944 addi
483 880 615 949 contra
643 873 890 963 philosophos
909 895 986 941 ’una
1017 879 1111 941 tertia

144 986 229 1047 ratio
253 985 339 1047 talis:
365 983 508 1064 ¹Quando
533 984 689 1067 potentiae
717 984 762 1046 sic
785 1005 819 1047 se
847 985 1037 1048 habentad
1065 986 1110 1049 in-

146 1092 254 1155 vicem
277 1091 368 1174 quod
391 1091 495 1174 qualis
518 1100 566 1153 est
589 1092 792 1172 comparatio
813 1093 967 1154 secundae
984 1093 1033 1154 'ad
1050 1093 1124 1173 pri-²
1167 1131 1170 1138 ·

148 1220 240 1287 mam
264 1198 455 1280 potentiam,
478 1198 550 1260 talis
574 1208 622 1261 cst
638 1198 753 1260 tertiae-
765 1198 807 1260 ad
824 1199 1017 1275 secundam:
1032 1208 1111 1261 tunc

146 1308 175 1369 si
185 1306 344 1389 3secunda
368 1325 432 1367 non
457 1314 564 1387 potest
590 1305 713 1367 moveri
737 1305 795 1367 nisi
819 1305 931 1367 abhis
947 1326 1023 1387 quae
1039 1315 1123 1369 sunt

149 1413 277 1475 motiva
300 1412 425 1493 primae,
450 1412 594 1494 sequitur
618 1413 710 1493 quod
733 1415 826 1474 tertia
850 1433 915 1475 non
933 1413 1130 1493 possit'mo-'

153 1520 223 1597 veri
247 1519 305 1582 nisi
330 1519 372 1581 ab
396 1518 452 1594 his,
468 1529 644 1601 quaesunt
668 1519 791 1581 motiva
806 1519 969 1582 secundae.
988 1518 1119 1583 Sed²sic

150 1648 187 1689 se
209 1626 339 1695 ¹habent
356 1625 550 1707 phantasia,
573 1626 767 1691 ¹¹intellectus
797 1636 830 1688 et
859 1647 981 1697 sensus,
1013 1646 1057 1687 ex
1081 1644 1142 1705 ·5.·

149 1735 192 1797 de
215 1733 353 1805 Anima,
392 1742 424 1795 et
451 1733 621 1815 phantasia
645 1753 710 1795 non
729 1741 878 1795 movetur
906 1732 978 1794 nisi
997 1732 1038 1794 ab
1071 1733 1120 1795 his

150 1860 230 1923 quae
254 1848 330 1902 sunt
355 1840 479 1902 motiva
502 1859 638 1901 sensus:
652 1860 733 1921 ergo
757 1839 937 1901 intellectus
959 1858 1025 1901 non
1051 1860 1119 1901 mo

153 1955 249 2023 vetur
273 1946 331 2009 nisi
355 1946 397 2007 ab
429 1946 477 2008 his
501 1966 576 2027 quae
593 1954 669 2008 sunt
686 1945 809 2007 motiva
825 1945 1015 2027 phantasiae.
1034 1946 1119 2007 Mul-

151 2064 265 2116 torum
297 2063 407 2115 autern
438 2053 575 2115 aliorum
600 2062 647 2115 est
676 2052 770 2115 nobis
800 2053 944 2134 cognitio
975 2069 1119 2115 necessa-

158 2160 207 2223 ria
239 2180 296 2241 per
320 2159 555 2242 Philosophum
581 2178 610 2222 Ι.
635 2167 666 2220 ct
689 2178 740 2222 [ο.
765 2158 875 2222 Etleic.
901 2159 992 2241 Ergo
1015 2168 1076 2221 eto

225 2262 372 2351 Quarto
394 2264 528 2353 arguit
549 2262 689 2335 Scotus-
705 2267 764 2328 sic:
790 2264 890 2329 Omni
921 2266 1031 2347 agenti
1062 2286 1126 2347 per·

156 2374 381 2456 cognitionem
405 2374 582 2435 necessaria
605 2382 654 2435 est
677 2373 828 2435 distincta
851 2372 995 2454 cognitio
1018 2372 1123 2435 sulii·-

154 2482 220 2556 nis;
245 2481 301 2543 sed
326 2481 427 2543 homo
450 2489 498 2543 est
521 2501 622 2562 agens
646 2502 703 2561 per
718 2480 767 2542 sui
783 2479 1019 2562 cognitionem
1041 2500 1121 2561 ergo

152 2597 205 2651 est
228 2587 287 2649 sibi
312 2588 488 2651 necessaria
512 2587 663 2649 distincta
687 2585 831 2669 cognitio
858 2586 907 2647 sui
939 2584 1019 2648 linia.
1053 2586 1118 2650 Sed

156 2694 244 2757 hanc
268 2714 333 2757 non
358 2703 465 2775 potest
489 2693 609 2784 habere
631 2714 674 2756 ex
698 2692 787 2775 puris
811 2693 1024 2755 naturalibus:
1041 2712 1121 2775 ergo

153 2810 219 2864 etc.
243 2836 288 2847 -
310 2801 427 2863 Minor
435 2802 560 2883 prioris
568 2799 759 2882 ¹syllogismi
773 2800 940 2882 probatur,
957 2799 1034 2881 quia
1050 2799 1121 2860 Phi-

155 2907 315 2988 losophus
338 2928 476 2990 sequens
501 2908 658 2970 rationem
683 2908 873 2980 naturalem,
898 2910 956 2968 aut
982 2906 1066 2968 circa
1090 2905 1123 2968 li-

157 3035 235 3077 nem
275 3024 369 3088 errat,
401 3024 458 3076 aut
489 3014 607 3076 dubius
638 3022 798 3089 remanet;
830 3014 918 3076 unde
949 3033 978 3075 1.
1012 3012 1122 3075 Ethic.

157 3121 341 3183 dubitando
380 3122 474 3185 dicit:
511 3120 544 3185 Si
576 3121 708 3203 aliquod
739 3129 788 3182 est
816 3121 941 3182 donum
977 3120 1124 3194 deorum,

157 3228 350 3291 rationabile
373 3238 421 3291 est
444 3227 628 3290 felicitatem
652 3227 793 3289 essezsst
814 3227 1012 3309 carzfirmans
1027 3227 1124 3301 idern,

158 3336 237 3415 quia
261 3334 380 3397 nullius
403 3334 592 3397 substantiae
624 3334 774 3415 proprius
805 3333 877 3395 finis
908 3332 1125 3415 cognoscitur,

156 3442 218 3504 nisi
243 3462 286 3504 ex
310 3441 381 3522 ejus
404 3442 538 3504 actibus.
564 3441 619 3502 Ex
644 3441 762 3523 quibus
792 3440 929 3502 habetur
960 3440 1051 3522 quod
1081 3452 1127 3504 ta-

160 3549 198 3611 lis
221 3548 293 3611 finis
317 3558 366 3610 est
388 3548 584 3611 conveniens
607 3547 661 3609 tali
687 3556 828 3621 naturae;
855 3548 911 3609 sed
942 3548 1048 3609 nullos
1078 3570 1128 3611 ac-

154 3664 212 3719 tus
235 3656 426 3737 experimur
450 3656 482 3717 in
507 3655 600 3717 nobis
623 3676 666 3717 ex
690 3654 809 3735 quibus
825 3674 1064 3735 cognoscamus
1084 3656 1129 3717 vi·
