2684 4209
274 234 339 298 394
551 219 626 284 Lm.
651 220 666 283 Ι
690 220 985 284 Senrnnrmnmr

248 434 299 489 est
322 447 419 488 causa
443 425 548 508 prima
571 427 679 490 omnis
709 426 942 509 contingentiae
980 426 1022 487 ad
1061 446 1101 487 ea
1138 445 1207 506 quat

249 541 327 596 sunt
350 534 390 595 ad
415 543 518 613 extra3
542 534 599 595 sed
623 535 774 597 voluntas
786 534 895 596 divina
911 541 960 595 est
975 533 1121 614 primurn
1138 552 1210 593 con-

249 642 378 722 tingens
401 640 443 702 ad
466 661 504 703 ea
532 661 608 722 quae
640 650 716 703 sunt
746 640 788 702 ad
818 651 922 720 extra;
952 659 1032 721 ergo
1064 639 1211 701 voluntas

249 748 358 810 divina
381 756 430 809 est
453 748 558 829 prima
580 769 678 810 causa
694 747 935 830 contingentiae.
958 747 1074 829 Major
1098 747 1210 827 proba-

249 865 302 916 tur
324 875 367 917 ex
391 853 591 935 Philosopho
617 872 645 916 2.
670 853 836 936 Menapi„
862 854 916 916 ubi
940 853 1130 935 dicitquod
1153 853 1211 933 pri-

251 982 342 1024 mum
366 962 399 1022 in
423 981 624 1042 unoquoque
648 981 766 1043 genere
789 971 838 1022 est
868 980 966 1023 causa
995 960 1028 1021 in
1060 959 1218 1021 omnibus

249 1069 317 1130 aliis
340 1077 376 1130 ut
400 1068 463 1129 sint
486 1068 571 1138 talia,
596 1068 684 1130 unde
706 1068 850 1149 primum
874 1067 1016 1128 calidum
1039 1076 1090 1128 est
1118 1087 1211 1130 cansa

250 1176 281 1236 in
305 1175 459 1237 omnibus
482 1174 601 1246 calidis
627 1184 664 1237 ut
687 1174 751 1237 sint
773 1175 886 1236 calida.

315 1281 489 1355 Proeterem
522 1282 599 1343 illud
634 1291 683 1342 est
714 1302 810 1343 cansa
841 1281 945 1362 prima
980 1280 1211 1362 contingentiae

251 1397 396 1470 respectu
420 1388 514 1468 cujus
537 1397 586 1450 est
609 1387 716 1450 omnis
739 1387 979 1469 contingentia;
1007 1387 1066 1448 sed
1089 1407 1133 1448 ex
1164 1407 1211 1446 or-

249 1495 414 1558 dinatione
437 1504 469 1556 et
493 1495 704 1576 dispositione
727 1495 846 1557 divinae
870 1493 1046 1556 voluntatis
1071 1502 1120 1555 est
1144 1515 1209 1555 om·

250 1603 299 1664 nis
322 1602 554 1684 contingentia;
579 1623 659 1684 ergo
687 1603 838 1664 voluntas
875 1601 984 1662 divina
1021 1609 1071 1662 est
1110 1601 1211 1682 prima

249 1730 355 1771 causa.

317 1921 378 1984 Ao
402 1935 546 1984 minim
575 1936 803 1995 mmmmm,
835 1942 910 1983 cum
949 1921 1077 1983 dicitur:
1117 1939 1213 1982 omne

249 2027 395 2091 futurum
419 2029 460 2090 de
484 2029 672 2091 necessitate
695 2039 743 2091 est
771 2028 927 2101 futurum,
956 2028 1030 2090 dico
1058 2027 1151 2108 quod
1182 2029 1214 2106 ly

248 2136 287 2197 de
311 2135 494 2197 necessitate
516 2145 572 2197 aut
596 2135 790 2198 determinat
814 2135 1016 2197 identitatem
1045 2133 1212 2214 praedicati

248 2243 291 2303 ad
314 2242 508 2322 subjectum,
532 2250 565 2305 et
587 2251 666 2304 tunc
691 2241 868 2324 propositio
891 2250 940 2303 est
963 2261 1049 2313 vera,
1068 2243 1126 2302 sed
1148 2260 1210 2302 non

249 2349 290 2410 ad
315 2349 529 2430 propositum,
554 2358 611 2411 aut
633 2349 828 2411 determinat
857 2349 992 2410 modum
1033 2347 1214 2413 eveniendi.

248 2455 348 2518 etsie
373 2456 551 2537 propositio
575 2465 624 2518 est
647 2455 734 2518 falsa.
769 2509 775 2520 .

315 2563 374 2624 Ad
392 2563 579 2635 secundum,
607 2584 693 2644 nego
719 2563 886 2643 majorem,
912 2582 987 2624 nam
1016 2559 1136 2623 artifex
1158 2561 1214 2622 de-

248 2669 419 2731 terminate
435 2667 511 2731 facit
525 2689 645 2743 arcam,
663 2691 729 2732 non
745 2679 855 2732 tamen
872 2667 948 2731 facit
963 2689 1036 2731 eam
1053 2669 1095 2730 de
1108 2687 1216 2729 neces-

248 2775 351 2850 sitate,
376 2797 476 2858 quare
500 2796 565 2839 non
589 2777 684 2839 valet.

613 2969 789 3052 QUAEs'rro
813 2972 852 3033 ΙΙ.

562 3129 708 3194 Secundo
731 3129 905 3213 quoeritur:

302 3288 409 3344 Utrum
427 3289 503 3343 Deus
522 3289 627 3344 habent
644 3289 792 3345 solentium
822 3290 1010 3345 neeessariam
1038 3289 1074 3344 da
1101 3289 1213 3344 tuturis

247 3385 487 3453 nontingentlbna.

316 3531 455 3592 Videtur
478 3533 567 3612 quod
591 3531 646 3603 sic,
670 3531 747 3612 quia
778 3532 911 3594 scientia
945 3529 1116 3594 infallibilis
1161 3541 1209 3593 est

247 3635 380 3696 scientia
403 3637 589 3697 necessaria:
614 3637 671 3699 sed
696 3637 786 3700 Deus
810 3637 908 3702 habet
930 3637 1096 3701 scientiam
1121 3635 1211 3700 infal-
