2684 4209
254 307 318 369 244
541 289 655 354 L1n.l
681 289 975 361 Sannaunnauu

230 503 302 557 sent
325 494 452 557 omnia:
477 515 557 573 ergo
572 493 742 575 aequalitas
762 512 828 557 non
851 493 929 556 dicit
952 492 1200 575 perfectionem.

138 578 145 589 ⁵
303 598 431 665 Contra.
458 599 659 663 Athanasius
676 600 712 663 iu
730 599 879 681 Symbola
890 600 977 662 dicit:
995 599 1113 661 divinae
1126 620 1203 681 per—

226 728 322 770 sonae
345 716 517 771 coaeternae
541 707 600 770 sibi
624 717 700 770 sunt
727 716 760 771 et
790 707 981 789 coaequales.

300 813 413 879 Caua
448 825 559 877 1ssnu
595 826 854 890 Quasnouau,
883 823 959 876 sunt
984 824 1125 896 quatuor
1148 814 1201 877 vi-

234 920 339 982 denda
362 940 419 1001 per
443 921 579 983 modum
611 930 753 1002 quatuor
778 920 1043 984 Conclusionum.
1068 920 1196 996 Prima,

234 1027 313 1109 quid
336 1035 384 1089 est
407 1018 657 1089 lundannentum
683 1028 877 1109 aequalitatis
906 1038 973 1090 tam
1002 1028 1196 1109 proximum

234 1154 334 1215 quarn
366 1143 540 1199 remotum.
574 1133 729 1207 Secunda,
753 1135 779 1197 si
803 1155 950 1216 personae
981 1135 1100 1197 divinae
1131 1134 1201 1197 sint

235 1241 386 1321 aequales.
418 1240 531 1313 Tertia,
555 1240 580 1302 si
597 1241 766 1322 aequalitas
778 1241 855 1303 dicit
878 1241 1064 1303 relationem
1090 1241 1185 1322 positi

236 1367 322 1408 vam.
351 1344 485 1422 Quarta,
510 1347 534 1408 si
559 1348 727 1428 aequalitas
751 1346 950 1429 plurificatur
973 1348 1006 1409 in
1029 1347 1154 1409 divinis.

305 1558 368 1624 Be
384 1559 539 1643 primo
568 1560 642 1621 dico
664 1560 755 1641 quod
786 1558 1003 1641 Philosophus
1029 1560 1202 1641 distinguit

238 1666 424 1727 relationem
434 1684 468 1749 5.
482 1666 629 1748 Metapa.
643 1668 676 1729 in
692 1668 879 1729 relationem
897 1667 1089 1738 identitatis,
1109 1665 1205 1729 simi·

238 1772 393 1835 litudiuis
415 1782 447 1835 et
470 1774 682 1854 (equalitatis,
709 1784 742 1835 et
769 1774 846 1835 dicit
869 1774 959 1855 quod
980 1773 1041 1837 ista
1060 1782 1135 1836 sunt
1150 1794 1201 1834 ea-

231 1878 309 1940 dem
334 1900 475 1961 quorum
498 1879 681 1942 substantia
704 1891 752 1941 est
776 1900 850 1953 una;
873 1880 1000 1943 similia
1023 1900 1101 1942 vero
1124 1890 1204 1942 sunt

239 2006 379 2067 quorum
404 1986 549 2067 qualitas
572 2008 646 2063 una;
664 1984 823 2072 [capitalia
838 1997 948 2050 autem
965 1996 1040 2050 sunt
1056 2007 1198 2068 quorum

239 2092 408 2172 quantitas
430 2102 479 2155 est
504 2091 631 2179 una(1)]
654 2103 687 2155 et
704 2093 748 2156 sic
764 2092 1014 2157 fundamentum
1043 2105 1201 2156 ramatum

241 2198 439 2261 indentitatis
451 2209 500 2261 est
512 2200 701 2281 substantia,
709 2201 929 2282 propinquum
950 2200 1201 2262 fundamentum

241 2316 289 2366 est
302 2306 407 2368 unitas
419 2306 618 2381 substantiae;
636 2305 885 2370 fundamentum
903 2328 980 2369 vero
993 2316 1148 2369 remotum
1160 2306 1205 2368 si-

244 2411 431 2476 militudinis
443 2422 492 2489 est
503 2413 640 2494 qualitas
652 2422 686 2474 et
698 2414 915 2495 propinquam
928 2423 976 2476 est
997 2414 1103 2474 unitas
1119 2413 1206 2475 illius

242 2518 414 2598 qualitatis;
431 2518 575 2581 similiter
591 2528 746 2581 reutatum
763 2519 1013 2582 fundamentum
1035 2520 1204 2600 aequalita-

243 2624 283 2685 tis
298 2634 348 2686 est
364 2624 537 2705 quantitas
552 2626 773 2707 propinquum
793 2636 902 2688 autem
922 2635 970 2688 est
990 2626 1097 2689 unitas
1113 2625 1205 2717 istius

243 2730 440 2811 quantitatis.
455 2730 521 2794 Sed
533 2733 716 2794 notandum
729 2733 819 2813 quod
831 2734 995 2813 quantitas
1012 2742 1061 2794 est
1077 2732 1202 2814 duplex

243 2836 362 2900 scilicet
375 2838 538 2919 quantitas
552 2838 645 2901 malis
656 2849 690 2901 et
701 2839 864 2920 quantitas
876 2840 1034 2912 virtutis,·
1048 2839 1093 2901 sic
1109 2838 1203 2920 ponit

244 2942 460 3025 Philosophus
471 2963 502 3007 2.
520 2944 559 3007 de
575 2944 724 3008 Generat.
737 2968 763 3007 c.
778 2964 807 3007 Ι.
828 2946 1051 3008 admirabitur
1061 2945 1202 3027 aliquis;

241 3059 276 3112 et
300 3049 508 3133 Augustinus
531 3069 561 3132 5.
587 3052 625 3113 de
654 3051 744 3115 Tria.
771 3052 848 3115 dicit
878 3053 967 3134 quod
999 3052 1030 3115 in
1055 3052 1203 3134 hisquae

246 3176 310 3218 non
335 3167 410 3220 sunt
434 3158 519 3220 mole
544 3179 664 3241 magna
688 3159 774 3221 idem
798 3168 846 3222 est
878 3159 991 3221 melius
1022 3158 1203 3240 essequod

247 3263 351 3343 majus
374 3285 459 3341 esse;
486 3265 572 3327 unde
596 3265 669 3327 licet
694 3264 725 3328 in
750 3266 823 3329 Deo
847 3287 912 3328 non
937 3274 1077 3347 ponatur
1104 3285 1204 3346 quan·

245 3370 320 3432 titas
344 3370 446 3445 molis
472 3372 604 3452 ponitur
627 3382 738 3435 tamen
763 3373 795 3434 in
818 3392 858 3434 eo
881 3373 1045 3453 quantitas
1068 3370 1203 3443 virtutis,

247 3476 329 3537 sicut
352 3477 470 3559 probat
493 3477 710 3560 Philosophus
733 3481 819 3540 circa
834 3478 940 3562 finem
962 3476 996 3542 8.
1020 3476 1122 3559 Pltys.

318 3668 359 3741 (1)
372 3668 445 3723 Haeo
457 3670 549 3725 verba
564 3670 714 3741 «oeqitalia
724 3673 822 3726 autem
833 3675 904 3726 suat
919 3688 1047 3742 quanam
1055 3668 1207 3742 qiianuus

247 3760 289 3812 eut
307 3774 369 3812 una
386 3780 399 3807 ι
423 3758 629 3829 supplevimus
647 3775 686 3813 ex
703 3758 781 3813 Scot.
799 3760 832 3813 in
851 3762 875 3814 1.
900 3776 938 3814 ex
956 3758 1033 3813 Dist.
1062 3758 1103 3812 19.
1121 3776 1150 3828 q.
1169 3758 1194 3809 l.
