2684 4209
253 249 317 358 3'66
512 278 587 344 Lra.
612 279 626 341 Ι
650 278 946 343 Sauranrrnnvn

294 484 375 547 Alia
398 483 505 565 opinio
527 484 604 546 dicit
628 483 719 564 quod
742 482 824 545 ideae
847 491 925 544 sunt
948 480 1083 543 essentia
1107 480 1193 543 divi-

225 613 267 655 na
290 592 459 654 continens
482 591 514 652 in
538 611 572 652 se
588 588 801 671 perfectiones
817 588 976 651 omnium.
1004 583 1077 651 Non
1101 588 1193 650 enim

215 707 361 781 possunt
383 718 451 759 esse
463 697 591 777 objecta
603 694 744 777 cognita,
771 706 806 756 ut
830 694 974 776 ponebat
998 694 1190 776 praecedens

216 805 345 886 opinio,
362 803 438 886 quia
453 803 619 884 objectum
637 802 668 863 in
681 822 715 863 se
727 802 897 883 cognitum
910 810 958 863 est
971 820 1027 862 ens
1041 800 1193 889 rationis;

224 912 281 974 sed
305 911 376 973 idea
399 931 465 973 non
488 919 537 971 est
559 930 616 971 ens
632 907 774 988 rationis;
791 928 870 990 ergo
886 908 959 969 idea
976 926 1042 969 non
1057 916 1106 968 est
1133 908 1196 969 ob·

213 1090 217 1095 v
222 1019 347 1099 jectum
371 1018 403 1078 in
427 1036 495 1078 esse
518 1016 661 1097 cognito.
686 1014 838 1077 Probatio
862 1013 1010 1077 minoris:
1031 1013 1195 1095 Augusti-

227 1146 288 1187 nus
311 1124 388 1185 dicit
412 1143 519 1204 supra,
543 1122 633 1202 quod
657 1120 868 1203 intelligentia
892 1120 1039 1182 idearum
1063 1130 1113 1181 est
1137 1140 1194 1181 ve-

225 1230 314 1293 rifica
336 1240 370 1291 et
394 1227 549 1302 beatifica
574 1228 630 1290 sed
643 1228 788 1310 cognitio
803 1227 886 1290 entis
902 1226 1033 1289 rationis
1056 1246 1123 1288 non
1144 1237 1197 1289 est

226 1336 383 1412 beatifica;
407 1354 487 1417 ergo
509 1335 581 1397 idea
605 1354 670 1396 non
695 1343 743 1395 est
766 1353 823 1395 ens
847 1333 987 1395 rationis.

286 1445 455 1514 Praeterea,
476 1441 547 1503 idea
564 1440 663 1502 habet
679 1439 836 1501 rationem
858 1439 1006 1522 principii
1027 1440 1196 1521 producti-

226 1551 258 1612 vi
270 1571 276 1626 ;
290 1550 348 1612 sed
370 1570 427 1611 ens
439 1549 570 1611 rationis
583 1568 648 1609 non
662 1546 761 1609 habet
778 1546 936 1609 rationem
954 1546 1100 1628 principii
1119 1568 1195 1628 pro-

232 1656 372 1733 ductivi;
396 1676 485 1737 ergo.

294 1764 462 1836 Praeterea,
487 1762 558 1823 idea
581 1770 629 1822 est
652 1760 731 1823 illud
756 1780 823 1842 quo
840 1760 931 1821 Deus
947 1768 1111 1841 operatur;
1138 1761 1196 1822 sed

220 1868 393 1950 objectum
417 1867 586 1949 cognitum
610 1887 687 1928 cum
711 1868 751 1928 sit
779 1886 836 1928 ens
867 1865 1009 1941 rationis
1043 1886 1110 1928 non
1148 1876 1198 1928 est

228 1976 306 2038 illud
322 1996 389 2055 quo
406 1974 496 2036 Deus
508 1982 668 2055 operatur;
683 1992 762 2055 ergo
775 1972 847 2034 idea
867 1993 933 2035 non
955 1981 1005 2034 est
1024 1973 1197 2053 objectum

221 2082 409 2163 cognitum.

300 2185 363 2252 cm·
378 2188 488 2270 placet
502 2187 686 2268 proecedcrrs
708 2186 827 2267 opinio,
857 2194 964 2267 potest
995 2187 1197 2267 respondere

229 2296 271 2357 ad
295 2303 488 2376 argumenta
511 2294 565 2355 sic:
582 2294 641 2355 Ad
648 2294 808 2375 primum,
830 2312 887 2374 per
908 2292 1198 2374 interemptionem

230 2402 375 2463 minoris.
401 2401 459 2464 Ad
477 2401 708 2482 probationem,
734 2421 810 2462 cum
834 2399 950 2461 dicitur
966 2400 1057 2481 quod
1075 2400 1198 2462 intelli-

230 2508 339 2590 gentia
363 2508 508 2569 idearum
532 2516 580 2569 est
603 2506 761 2579 beatifica,
788 2507 862 2569 dico
891 2507 981 2588 quod
1013 2526 1079 2569 non
1108 2528 1200 2569 com·

231 2615 312 2695 petit
335 2615 415 2676 ideae
440 2623 476 2676 ut
499 2614 553 2688 sic,
578 2613 635 2676 sed
659 2613 816 2695 competit
847 2613 928 2675 ideae
967 2634 1043 2695 quae
1075 2634 1197 2695 reprae-

228 2730 373 2783 sentatur
396 2720 428 2781 in
464 2720 600 2782 essentia
625 2719 735 2781 divina
760 2730 795 2781 ut
830 2729 879 2782 est
915 2720 1083 2800 objectum
1124 2722 1199 2811 bea-

230 2827 364 2902 titicum,
390 2827 477 2889 unde
499 2826 657 2907 aspiciens
680 2825 787 2888 ideam
811 2826 844 2888 in
865 2827 936 2888 Deo
952 2825 1066 2908 aspicit
1084 2826 1197 2890 Deum

231 2936 263 2997 in
287 2954 354 3014 quo
377 2943 426 2995 est
450 2933 573 2997 beatus.

294 3040 353 3102 Ad
371 3040 557 3113 secuudum,
586 3059 662 3101 cum
698 3038 814 3102 dicitur
850 3038 942 3121 quod
973 3059 1030 3101 ens
1061 3040 1199 3103 rationis

231 3167 296 3209 non
319 3156 368 3209 est
391 3146 585 3228 principium
611 3146 853 3227 productivum,
879 3145 952 3208 dico
968 3146 1059 3227 quod
1080 3168 1197 3209 verum

219 3263 278 3316 est
302 3263 338 3316 ut
361 3274 428 3336 quo
451 3263 508 3326 est,
533 3262 582 3315 est
604 3262 715 3315 autem
740 3251 858 3315 falsum
883 3263 919 3314 ut
943 3253 985 3314 ad
1010 3252 1111 3334 quod.

297 3360 355 3421 Ad
376 3360 506 3423 tertium
523 3359 596 3422 dico
612 3360 703 3441 quod
725 3380 789 3421 non
806 3368 959 3441 operatur
974 3358 1122 3422 effective
1139 3382 1200 3443 per

234 3468 350 3540 ideam,
367 3467 423 3529 sed
439 3466 677 3548 exemplariter,
696 3466 783 3528 unde
794 3485 871 3528 cum
884 3466 1001 3529 dicitur
1013 3467 1106 3548 quod
1118 3467 1199 3530 illud

224 3594 303 3655 ·quo
326 3572 446 3654 aliquid
470 3582 622 3655 operatur
647 3593 712 3634 non
736 3580 784 3634 est
818 3592 876 3635 ens
900 3573 1041 3648 rationis,
1065 3573 1202 3637 comedo

226 3678 392 3753 effective,
417 3680 474 3741 sed
497 3700 576 3761 nego
600 3678 838 3761 exemplariter.
