<?xml version="1.0" encoding="UTF-8"?>
<!DOCTYPE html PUBLIC "-//W3C//DTD XHTML 1.0 Transitional//EN"
    "http://www.w3.org/TR/xhtml1/DTD/xhtml1-transitional.dtd">
<html xmlns="http://www.w3.org/1999/xhtml" xml:lang="en" lang="en">
 <head>
  <title>
</title>
<meta http-equiv="Content-Type" content="text/html;charset=utf-8" />
  <meta name='ocr-system' content='tesseract 3.04.00' />
  <meta name='ocr-capabilities' content='ocr_page ocr_carea ocr_par ocr_line ocrx_word'/>
</head>
<body>
  <div class='ocr_page' id='page_1' title='image "./commentariainli01scotgoog_0235.png"; bbox 0 0 2684 4209; ppageno 0'>
   <div class='ocr_carea' id='block_1_1' title="bbox 241 276 1142 359">
    <p class='ocr_par' dir='ltr' id='par_1_1' title="bbox 241 276 1142 359">
     <span class='ocr_line' id='line_1_1' title="bbox 241 276 1142 359; baseline -0.003 -15"><span class='ocrx_word' id='word_1_1' title='bbox 241 276 425 345; x_wconf 77' lang='lat' dir='ltr'>Drsunvcr.</span> <span class='ocrx_word' id='word_1_2' title='bbox 452 280 543 355; x_wconf 84' lang='lat' dir='ltr'>XIV,</span> <span class='ocrx_word' id='word_1_3' title='bbox 568 279 634 342; x_wconf 91' lang='lat' dir='ltr'>XV</span> <span class='ocrx_word' id='word_1_4' title='bbox 656 288 689 341; x_wconf 84' lang='lat' dir='ltr'>et</span> <span class='ocrx_word' id='word_1_5' title='bbox 712 279 794 341; x_wconf 83' lang='lat' dir='ltr'>XVI</span> <span class='ocrx_word' id='word_1_6' title='bbox 819 276 971 359; x_wconf 69' lang='lat' dir='ltr'>Quicsr:</span> <span class='ocrx_word' id='word_1_7' title='bbox 993 278 1037 341; x_wconf 88' lang='lat'>111</span> <span class='ocrx_word' id='word_1_8' title='bbox 1070 295 1142 357; x_wconf 85' lang='lat'>219¹</span> 
     </span>
    </p>
   </div>
   <div class='ocr_carea' id='block_1_2' title="bbox 195 464 1216 885">
    <p class='ocr_par' dir='ltr' id='par_1_2' title="bbox 195 464 1216 885">
     <span class='ocr_line' id='line_1_2' title="bbox 195 464 1157 566; baseline -0.004 -17"><span class='ocrx_word' id='word_1_9' title='bbox 195 496 244 549; x_wconf 86' lang='lat' dir='ltr'>set</span> <span class='ocrx_word' id='word_1_10' title='bbox 267 487 299 549; x_wconf 95' lang='lat' dir='ltr'>in</span> <span class='ocrx_word' id='word_1_11' title='bbox 322 507 356 549; x_wconf 88' lang='lat' dir='ltr'>se</span> <span class='ocrx_word' id='word_1_12' title='bbox 379 486 485 549; x_wconf 91' lang='lat' dir='ltr'>solum</span> <span class='ocrx_word' id='word_1_13' title='bbox 503 464 687 566; x_wconf 85' lang='lat' dir='ltr'>respectum</span> <span class='ocrx_word' id='word_1_14' title='bbox 711 484 853 546; x_wconf 87' lang='lat' dir='ltr'>rationis.</span> <span class='ocrx_word' id='word_1_15' title='bbox 878 483 964 545; x_wconf 88' lang='lat' dir='ltr'>Nam</span> <span class='ocrx_word' id='word_1_16' title='bbox 989 504 1047 565; x_wconf 86' lang='lat' dir='ltr'>per</span> <span class='ocrx_word' id='word_1_17' title='bbox 1070 483 1157 545; x_wconf 85' lang='lat' dir='ltr'>illam</span> 
     </span>
     <span class='ocr_line' id='line_1_3' title="bbox 196 589 1216 674; baseline -0.005 -18"><span class='ocrx_word' id='word_1_18' title='bbox 196 594 382 657; x_wconf 88' lang='lat' dir='ltr'>missionem</span> <span class='ocrx_word' id='word_1_19' title='bbox 406 614 471 674; x_wconf 84' lang='lat' dir='ltr'>qua</span> <span class='ocrx_word' id='word_1_20' title='bbox 488 612 626 674; x_wconf 87' lang='lat' dir='ltr'>persona</span> <span class='ocrx_word' id='word_1_21' title='bbox 652 591 753 653; x_wconf 90' lang='lat' dir='ltr'>mittit</span> <span class='ocrx_word' id='word_1_22' title='bbox 768 611 803 653; x_wconf 91' lang='lat' dir='ltr'>se</span> <span class='ocrx_word' id='word_1_23' title='bbox 826 610 892 653; x_wconf 92' lang='lat' dir='ltr'>non</span> <span class='ocrx_word' id='word_1_24' title='bbox 917 590 1049 671; x_wconf 90' lang='lat' dir='ltr'>ponitur</span> <span class='ocrx_word' id='word_1_25' title='bbox 1072 589 1104 651; x_wconf 92' lang='lat' dir='ltr'>in</span> <span class='ocrx_word' id='word_1_26' title='bbox 1120 610 1160 651; x_wconf 82' lang='lat' dir='ltr'>ea</span> <span class='ocrx_word' id='word_1_27' title='bbox 1214 619 1216 624; x_wconf 96' lang='lat'>·</span> 
     </span>
     <span class='ocr_line' id='line_1_4' title="bbox 197 696 1165 781; baseline -0.003 -20"><span class='ocrx_word' id='word_1_28' title='bbox 197 700 255 762; x_wconf 91' lang='lat' dir='ltr'>nisi</span> <span class='ocrx_word' id='word_1_29' title='bbox 278 700 412 781; x_wconf 83' lang='lat' dir='ltr'>quidam</span> <span class='ocrx_word' id='word_1_30' title='bbox 438 708 601 780; x_wconf 90' lang='lat' dir='ltr'>respectus</span> <span class='ocrx_word' id='word_1_31' title='bbox 632 697 774 771; x_wconf 86' lang='lat' dir='ltr'>rationis,</span> <span class='ocrx_word' id='word_1_32' title='bbox 807 697 883 778; x_wconf 87' lang='lat' dir='ltr'>quia</span> <span class='ocrx_word' id='word_1_33' title='bbox 914 696 977 758; x_wconf 91' lang='lat' dir='ltr'>Dei</span> <span class='ocrx_word' id='word_1_34' title='bbox 1009 696 1050 758; x_wconf 87' lang='lat' dir='ltr'>ad</span> <span class='ocrx_word' id='word_1_35' title='bbox 1074 716 1165 759; x_wconf 87' lang='lat' dir='ltr'>crea--</span> 
     </span>
     <span class='ocr_line' id='line_1_5' title="bbox 196 802 1162 885; baseline -0.005 -16"><span class='ocrx_word' id='word_1_36' title='bbox 196 817 303 869; x_wconf 89' lang='lat' dir='ltr'>turam</span> <span class='ocrx_word' id='word_1_37' title='bbox 328 807 416 868; x_wconf 85' lang='lat' dir='ltr'>nulla</span> <span class='ocrx_word' id='word_1_38' title='bbox 438 814 487 867; x_wconf 89' lang='lat' dir='ltr'>est</span> <span class='ocrx_word' id='word_1_39' title='bbox 504 805 616 868; x_wconf 85' lang='lat' dir='ltr'>relatio</span> <span class='ocrx_word' id='word_1_40' title='bbox 640 804 741 878; x_wconf 87' lang='lat' dir='ltr'>realis,</span> <span class='ocrx_word' id='word_1_41' title='bbox 766 813 803 867; x_wconf 89' lang='lat' dir='ltr'>ut</span> <span class='ocrx_word' id='word_1_42' title='bbox 819 804 942 885; x_wconf 90' lang='lat' dir='ltr'>patebit</span> <span class='ocrx_word' id='word_1_43' title='bbox 966 802 1049 865; x_wconf 82' lang='lat' dir='ltr'>infra</span> <span class='ocrx_word' id='word_1_44' title='bbox 1069 803 1162 865; x_wconf 85' lang='lat' dir='ltr'>Dist..</span> 
     </span>
    </p>
   </div>
   <div class='ocr_carea' id='block_1_3' title="bbox 198 928 800 1152">
    <p class='ocr_par' dir='ltr' id='par_1_3' title="bbox 198 928 800 1152">
     <span class='ocr_line' id='line_1_6' title="bbox 198 928 248 991; baseline -0.04 -15"><span class='ocrx_word' id='word_1_45' title='bbox 198 928 248 991; x_wconf 81' lang='lat'>30.</span> 
     </span>
     <span class='ocr_line' id='line_1_7' title="bbox 544 1069 800 1152; baseline -0.008 -19"><span class='ocrx_word' id='word_1_46' title='bbox 544 1069 720 1152; x_wconf 71' lang='lat' dir='ltr'>Qvnsrro</span> <span class='ocrx_word' id='word_1_47' title='bbox 745 1070 800 1132; x_wconf 89' lang='lat' dir='ltr'>Ill.</span> 
     </span>
    </p>
   </div>
   <div class='ocr_carea' id='block_1_4' title="bbox 537 1213 844 1312">
    <p class='ocr_par' dir='ltr' id='par_1_4' title="bbox 537 1213 844 1312">
     <span class='ocr_line' id='line_1_8' title="bbox 537 1213 844 1312; baseline -0.01 -18"><span class='ocrx_word' id='word_1_48' title='bbox 537 1232 644 1294; x_wconf 79' lang='lat' dir='ltr'>Tertio</span> <span class='ocrx_word' id='word_1_49' title='bbox 667 1213 844 1312; x_wconf 72' lang='lat' dir='ltr'>quoeriiur:</span> 
     </span>
    </p>
   </div>
   <div class='ocr_carea' id='block_1_5' title="bbox 195 1340 1167 1533">
    <p class='ocr_par' dir='ltr' id='par_1_5' title="bbox 195 1340 1167 1533">
     <span class='ocr_line' id='line_1_9' title="bbox 251 1340 1167 1457; baseline -0.003 -13"><span class='ocrx_word' id='word_1_50' title='bbox 251 1389 356 1444; x_wconf 82' lang='lat' dir='ltr'>Utrum</span> <span class='ocrx_word' id='word_1_51' title='bbox 375 1388 499 1457; x_wconf 83' lang='lat' dir='ltr'>Splrltus</span> <span class='ocrx_word' id='word_1_52' title='bbox 517 1340 640 1444; x_wconf 74' lang='lat' dir='ltr'>Sedetus</span> <span class='ocrx_word' id='word_1_53' title='bbox 657 1388 812 1457; x_wconf 72' lang='lat' dir='ltr'>aliquunde</span> <span class='ocrx_word' id='word_1_54' title='bbox 824 1388 914 1443; x_wconf 80' lang='lat' dir='ltr'>luerit</span> <span class='ocrx_word' id='word_1_55' title='bbox 932 1386 1083 1443; x_wconf 79' lang='lat' dir='ltr'>vlnlblllter</span> <span class='ocrx_word' id='word_1_56' title='bbox 1094 1387 1167 1441; x_wconf 74' lang='lat' dir='ltr'>mle·-</span> 
     </span>
     <span class='ocr_line' id='line_1_10' title="bbox 195 1492 254 1533; baseline 0.034 -2"><span class='ocrx_word' id='word_1_57' title='bbox 195 1492 254 1533; x_wconf 85' lang='lat' dir='ltr'>sus.</span> 
     </span>
    </p>
   </div>
   <div class='ocr_carea' id='block_1_6' title="bbox 144 1621 1168 3715">
    <p class='ocr_par' dir='ltr' id='par_1_6' title="bbox 195 1621 1167 2023">
     <span class='ocr_line' id='line_1_11' title="bbox 264 1621 1167 1703; baseline -0.002 -20"><span class='ocrx_word' id='word_1_58' title='bbox 264 1622 308 1683; x_wconf 89' lang='lat' dir='ltr'>Et</span> <span class='ocrx_word' id='word_1_59' title='bbox 320 1622 448 1684; x_wconf 91' lang='lat' dir='ltr'>videtur</span> <span class='ocrx_word' id='word_1_60' title='bbox 464 1622 553 1703; x_wconf 91' lang='lat' dir='ltr'>quod</span> <span class='ocrx_word' id='word_1_61' title='bbox 570 1642 646 1695; x_wconf 89' lang='lat' dir='ltr'>non,</span> <span class='ocrx_word' id='word_1_62' title='bbox 663 1622 740 1703; x_wconf 89' lang='lat' dir='ltr'>quia</span> <span class='ocrx_word' id='word_1_63' title='bbox 753 1621 853 1683; x_wconf 89' lang='lat' dir='ltr'>Filius</span> <span class='ocrx_word' id='word_1_64' title='bbox 875 1630 924 1683; x_wconf 91' lang='lat' dir='ltr'>est</span> <span class='ocrx_word' id='word_1_65' title='bbox 944 1621 1050 1683; x_wconf 92' lang='lat' dir='ltr'>minor</span> <span class='ocrx_word' id='word_1_66' title='bbox 1066 1621 1167 1682; x_wconf 86' lang='lat' dir='ltr'>Patre·</span> 
     </span>
     <span class='ocr_line' id='line_1_12' title="bbox 196 1726 1158 1810; baseline -0.002 -21"><span class='ocrx_word' id='word_1_67' title='bbox 196 1728 392 1810; x_wconf 83' lang='lat' dir='ltr'><strong>inquantum</strong></span> <span class='ocrx_word' id='word_1_68' title='bbox 409 1728 574 1791; x_wconf 86' lang='lat' dir='ltr'>visibiliter</span> <span class='ocrx_word' id='word_1_69' title='bbox 590 1729 716 1801; x_wconf 77' lang='lat' dir='ltr'>m&#39;issuS,</span> <span class='ocrx_word' id='word_1_70' title='bbox 733 1728 913 1790; x_wconf 86' lang='lat' dir='ltr'>secundum</span> <span class='ocrx_word' id='word_1_71' title='bbox 930 1726 1158 1809; x_wconf 87' lang='lat' dir='ltr'>Augustinum</span> 
     </span>
     <span class='ocr_line' id='line_1_13' title="bbox 195 1832 1166 1916; baseline -0.005 -17"><span class='ocrx_word' id='word_1_72' title='bbox 195 1854 226 1899; x_wconf 83' lang='lat'>2.</span> <span class='ocrx_word' id='word_1_73' title='bbox 251 1836 289 1897; x_wconf 82' lang='lat' dir='ltr'>de</span> <span class='ocrx_word' id='word_1_74' title='bbox 318 1834 430 1908; x_wconf 84' lang='lat' dir='ltr'>Trin.,·</span> <span class='ocrx_word' id='word_1_75' title='bbox 455 1836 512 1897; x_wconf 92' lang='lat' dir='ltr'>sed</span> <span class='ocrx_word' id='word_1_76' title='bbox 537 1833 676 1916; x_wconf 83' lang='lat' dir='ltr'>Spiritus</span> <span class='ocrx_word' id='word_1_77' title='bbox 700 1834 840 1897; x_wconf 89' lang='lat' dir='ltr'>Sanctus</span> <span class='ocrx_word' id='word_1_78' title='bbox 864 1854 930 1896; x_wconf 94' lang='lat' dir='ltr'>non</span> <span class='ocrx_word' id='word_1_79' title='bbox 955 1834 1086 1915; x_wconf 90' lang='lat' dir='ltr'>ponitur</span> <span class='ocrx_word' id='word_1_80' title='bbox 1103 1832 1166 1894; x_wconf 85' lang='lat' dir='ltr'>mi-·</span> 
     </span>
     <span class='ocr_line' id='line_1_14' title="bbox 197 1939 1079 2023; baseline -0.002 -20"><span class='ocrx_word' id='word_1_81' title='bbox 197 1961 255 2003; x_wconf 93' lang='lat' dir='ltr'>nor</span> <span class='ocrx_word' id='word_1_82' title='bbox 279 1942 387 2015; x_wconf 89' lang='lat' dir='ltr'>Patre;</span> <span class='ocrx_word' id='word_1_83' title='bbox 412 1962 491 2023; x_wconf 84' lang='lat' dir='ltr'>ergo</span> <span class='ocrx_word' id='word_1_84' title='bbox 516 1962 581 2003; x_wconf 93' lang='lat' dir='ltr'>non</span> <span class='ocrx_word' id='word_1_85' title='bbox 606 1942 740 2023; x_wconf 89' lang='lat' dir='ltr'>ponitur</span> <span class='ocrx_word' id='word_1_86' title='bbox 762 1939 928 2003; x_wconf 89' lang='lat' dir='ltr'>visibiliter</span> <span class='ocrx_word' id='word_1_87' title='bbox 952 1940 1079 2003; x_wconf 89' lang='lat' dir='ltr'>missus.</span> 
     </span>
    </p>

    <p class='ocr_par' dir='ltr' id='par_1_7' title="bbox 144 2046 1159 2129">
     <span class='ocr_line' id='line_1_15' title="bbox 144 2046 1159 2129; baseline 0.002 -24"><span class='ocrx_word' id='word_1_88' title='bbox 144 2090 153 2105; x_wconf 93' lang='lat'><strong>.</strong></span> <span class='ocrx_word' id='word_1_89' title='bbox 262 2047 303 2109; x_wconf 89' lang='lat' dir='ltr'>In</span> <span class='ocrx_word' id='word_1_90' title='bbox 326 2048 527 2109; x_wconf 82' lang='lat' dir='ltr'>contrarium</span> <span class='ocrx_word' id='word_1_91' title='bbox 551 2056 599 2110; x_wconf 91' lang='lat' dir='ltr'>est</span> <span class='ocrx_word' id='word_1_92' title='bbox 617 2047 773 2129; x_wconf 81' lang='lat' dir='ltr'>Magister</span> <span class='ocrx_word' id='word_1_93' title='bbox 796 2047 829 2109; x_wconf 90' lang='lat' dir='ltr'>in</span> <span class='ocrx_word' id='word_1_94' title='bbox 854 2047 970 2129; x_wconf 84' lang='lat' dir='ltr'>littera,</span> <span class='ocrx_word' id='word_1_95' title='bbox 992 2046 1079 2109; x_wconf 82' lang='lat' dir='ltr'>Dist.</span> <span class='ocrx_word' id='word_1_96' title='bbox 1105 2064 1159 2128; x_wconf 75' lang='lat'>15.</span> 
     </span>
    </p>

    <p class='ocr_par' dir='ltr' id='par_1_8' title="bbox 190 2153 1168 2856">
     <span class='ocr_line' id='line_1_16' title="bbox 264 2153 1159 2234; baseline -0.003 -17"><span class='ocrx_word' id='word_1_97' title='bbox 264 2154 378 2217; x_wconf 81' lang='lat' dir='ltr'><strong>CIRCA</strong></span> <span class='ocrx_word' id='word_1_98' title='bbox 403 2158 514 2217; x_wconf 77' lang='lat' dir='ltr'>rsnnu</span> <span class='ocrx_word' id='word_1_99' title='bbox 542 2166 792 2230; x_wconf 74' lang='lat' dir='ltr'>Qumsmonsu</span> <span class='ocrx_word' id='word_1_100' title='bbox 823 2154 977 2215; x_wconf 85' lang='lat' dir='ltr'>dicuntur</span> <span class='ocrx_word' id='word_1_101' title='bbox 1007 2153 1068 2215; x_wconf 84' lang='lat' dir='ltr'>tria</span> <span class='ocrx_word' id='word_1_102' title='bbox 1100 2172 1159 2234; x_wconf 86' lang='lat' dir='ltr'>per</span> 
     </span>
     <span class='ocr_line' id='line_1_17' title="bbox 197 2258 1154 2342; baseline -0.002 -19"><span class='ocrx_word' id='word_1_103' title='bbox 197 2260 344 2323; x_wconf 87' lang='lat' dir='ltr'>ordinem</span> <span class='ocrx_word' id='word_1_104' title='bbox 368 2281 425 2342; x_wconf 88' lang='lat' dir='ltr'>per</span> <span class='ocrx_word' id='word_1_105' title='bbox 450 2260 586 2322; x_wconf 91' lang='lat' dir='ltr'>modum</span> <span class='ocrx_word' id='word_1_106' title='bbox 610 2260 709 2321; x_wconf 90' lang='lat' dir='ltr'>trium</span> <span class='ocrx_word' id='word_1_107' title='bbox 735 2259 1002 2324; x_wconf 88' lang='lat' dir='ltr'>Conclusionum.</span> <span class='ocrx_word' id='word_1_108' title='bbox 1027 2258 1154 2331; x_wconf 81' lang='lat' dir='ltr'>Primo,</span> 
     </span>
     <span class='ocr_line' id='line_1_18' title="bbox 190 2360 1158 2449; baseline -0.002 -20"><span class='ocrx_word' id='word_1_109' title='bbox 190 2360 286 2448; x_wconf 59' lang='lat' dir='ltr'>&#39;quod</span> <span class='ocrx_word' id='word_1_110' title='bbox 311 2366 450 2449; x_wconf 89' lang='lat' dir='ltr'>Spiritus</span> <span class='ocrx_word' id='word_1_111' title='bbox 474 2366 614 2430; x_wconf 86' lang='lat' dir='ltr'>Sanctus</span> <span class='ocrx_word' id='word_1_112' title='bbox 637 2386 704 2428; x_wconf 92' lang='lat' dir='ltr'>non</span> <span class='ocrx_word' id='word_1_113' title='bbox 734 2366 848 2428; x_wconf 87' lang='lat' dir='ltr'>debuit</span> <span class='ocrx_word' id='word_1_114' title='bbox 877 2366 1042 2428; x_wconf 83' lang='lat' dir='ltr'>visibiliter</span> <span class='ocrx_word' id='word_1_115' title='bbox 1074 2366 1158 2427; x_wconf 93' lang='lat' dir='ltr'>mitti</span> 
     </span>
     <span class='ocr_line' id='line_1_19' title="bbox 196 2472 1165 2557; baseline -0.002 -22"><span class='ocrx_word' id='word_1_116' title='bbox 196 2482 344 2557; x_wconf 89' lang='lat' dir='ltr'>tempore</span> <span class='ocrx_word' id='word_1_117' title='bbox 368 2474 447 2555; x_wconf 86' lang='lat' dir='ltr'>legis</span> <span class='ocrx_word' id='word_1_118' title='bbox 470 2474 610 2555; x_wconf 83' lang='lat' dir='ltr'>scriptae.</span> <span class='ocrx_word' id='word_1_119' title='bbox 641 2472 797 2544; x_wconf 80' lang='lat' dir='ltr'>Secundo,</span> <span class='ocrx_word' id='word_1_120' title='bbox 832 2472 923 2554; x_wconf 93' lang='lat' dir='ltr'>quod</span> <span class='ocrx_word' id='word_1_121' title='bbox 954 2472 1067 2535; x_wconf 86' lang='lat' dir='ltr'>debuit</span> <span class='ocrx_word' id='word_1_122' title='bbox 1089 2472 1165 2534; x_wconf 84' lang='lat' dir='ltr'>visi-</span> 
     </span>
     <span class='ocr_line' id='line_1_20' title="bbox 196 2562 1168 2661; baseline -0.001 -20"><span class='ocrx_word' id='word_1_123' title='bbox 196 2580 301 2642; x_wconf 90' lang='lat' dir='ltr'>biliter</span> <span class='ocrx_word' id='word_1_124' title='bbox 325 2580 409 2641; x_wconf 92' lang='lat' dir='ltr'>mitti</span> <span class='ocrx_word' id='word_1_125' title='bbox 433 2562 581 2661; x_wconf 81' lang='lat' dir='ltr'>tempore</span> <span class='ocrx_word' id='word_1_126' title='bbox 605 2599 672 2661; x_wconf 91' lang='lat' dir='ltr'>quo</span> <span class='ocrx_word' id='word_1_127' title='bbox 695 2578 757 2641; x_wconf 89' lang='lat' dir='ltr'>fuit</span> <span class='ocrx_word' id='word_1_128' title='bbox 785 2579 930 2642; x_wconf 85' lang='lat' dir='ltr'>Ecclesia</span> <span class='ocrx_word' id='word_1_129' title='bbox 961 2578 1068 2661; x_wconf 90' lang='lat' dir='ltr'>primo</span> <span class='ocrx_word' id='word_1_130' title='bbox 1091 2577 1168 2640; x_wconf 44' lang='lat' dir='ltr'>fun*</span> 
     </span>
     <span class='ocr_line' id='line_1_21' title="bbox 195 2684 1166 2767; baseline -0.001 -19"><span class='ocrx_word' id='word_1_131' title='bbox 195 2688 282 2748; x_wconf 83' lang='lat' dir='ltr'>data.</span> <span class='ocrx_word' id='word_1_132' title='bbox 314 2686 429 2759; x_wconf 85' lang='lat' dir='ltr'>Tertio,</span> <span class='ocrx_word' id='word_1_133' title='bbox 447 2685 509 2748; x_wconf 90' lang='lat' dir='ltr'>sub</span> <span class='ocrx_word' id='word_1_134' title='bbox 524 2685 644 2767; x_wconf 88' lang='lat' dir='ltr'>quibus</span> <span class='ocrx_word' id='word_1_135' title='bbox 666 2684 835 2766; x_wconf 88' lang='lat' dir='ltr'>speciebus</span> <span class='ocrx_word' id='word_1_136' title='bbox 858 2684 997 2767; x_wconf 88' lang='lat' dir='ltr'>Spiritus</span> <span class='ocrx_word' id='word_1_137' title='bbox 1021 2684 1166 2748; x_wconf 85' lang='lat' dir='ltr'>Sanctus</span> 
     </span>
     <span class='ocr_line' id='line_1_22' title="bbox 197 2784 596 2856; baseline 0 -3"><span class='ocrx_word' id='word_1_138' title='bbox 197 2790 258 2856; x_wconf 84' lang='lat' dir='ltr'>fuit</span> <span class='ocrx_word' id='word_1_139' title='bbox 281 2792 446 2855; x_wconf 89' lang='lat' dir='ltr'>visibiliter</span> <span class='ocrx_word' id='word_1_140' title='bbox 471 2784 596 2855; x_wconf 80' lang='lat' dir='ltr'>missus.</span> 
     </span>
    </p>

    <p class='ocr_par' dir='ltr' id='par_1_9' title="bbox 195 2895 1168 3715">
     <span class='ocr_line' id='line_1_23' title="bbox 262 2895 1160 2981; baseline -0.009 -14"><span class='ocrx_word' id='word_1_141' title='bbox 262 2895 447 2967; x_wconf 82' lang='lat' dir='ltr'>Primum</span> <span class='ocrx_word' id='word_1_142' title='bbox 465 2900 624 2981; x_wconf 91' lang='lat' dir='ltr'>probatur</span> <span class='ocrx_word' id='word_1_143' title='bbox 641 2899 822 2981; x_wconf 89' lang='lat' dir='ltr'>dupliciter.</span> <span class='ocrx_word' id='word_1_144' title='bbox 839 2898 978 2962; x_wconf 87' lang='lat' dir='ltr'>Primo:</span> <span class='ocrx_word' id='word_1_145' title='bbox 994 2898 1160 2979; x_wconf 88' lang='lat' dir='ltr'>Tempore</span> 
     </span>
     <span class='ocr_line' id='line_1_24' title="bbox 195 3004 1165 3088; baseline -0.001 -21"><span class='ocrx_word' id='word_1_146' title='bbox 195 3026 264 3087; x_wconf 92' lang='lat' dir='ltr'>quo</span> <span class='ocrx_word' id='word_1_147' title='bbox 288 3026 353 3069; x_wconf 94' lang='lat' dir='ltr'>non</span> <span class='ocrx_word' id='word_1_148' title='bbox 377 3005 437 3069; x_wconf 89' lang='lat' dir='ltr'>fuit</span> <span class='ocrx_word' id='word_1_149' title='bbox 461 3006 632 3088; x_wconf 90' lang='lat' dir='ltr'>plenitudo</span> <span class='ocrx_word' id='word_1_150' title='bbox 648 3006 762 3088; x_wconf 81' lang='lat' dir='ltr'>gratiae</span> <span class='ocrx_word' id='word_1_151' title='bbox 787 3026 852 3068; x_wconf 91' lang='lat' dir='ltr'>non</span> <span class='ocrx_word' id='word_1_152' title='bbox 875 3005 990 3068; x_wconf 88' lang='lat' dir='ltr'>debuit</span> <span class='ocrx_word' id='word_1_153' title='bbox 1014 3004 1099 3067; x_wconf 91' lang='lat' dir='ltr'>mitti</span> <span class='ocrx_word' id='word_1_154' title='bbox 1123 3004 1165 3067; x_wconf 84' lang='lat' dir='ltr'>si·</span> 
     </span>
     <span class='ocr_line' id='line_1_25' title="bbox 197 3112 1158 3195; baseline -0.001 -20"><span class='ocrx_word' id='word_1_155' title='bbox 197 3132 300 3195; x_wconf 86' lang='lat' dir='ltr'>gnum</span> <span class='ocrx_word' id='word_1_156' title='bbox 325 3112 534 3195; x_wconf 89' lang='lat' dir='ltr'>plenitudinis</span> <span class='ocrx_word' id='word_1_157' title='bbox 546 3112 675 3194; x_wconf 82' lang='lat' dir='ltr'>gratiae;</span> <span class='ocrx_word' id='word_1_158' title='bbox 699 3113 756 3174; x_wconf 92' lang='lat' dir='ltr'>sed</span> <span class='ocrx_word' id='word_1_159' title='bbox 771 3120 922 3193; x_wconf 89' lang='lat' dir='ltr'>ternpore</span> <span class='ocrx_word' id='word_1_160' title='bbox 938 3112 1018 3195; x_wconf 85' lang='lat' dir='ltr'>legis</span> <span class='ocrx_word' id='word_1_161' title='bbox 1030 3112 1158 3193; x_wconf 84' lang='lat' dir='ltr'>scriptae</span> 
     </span>
     <span class='ocr_line' id='line_1_26' title="bbox 198 3219 1166 3301; baseline -0.002 -19"><span class='ocrx_word' id='word_1_162' title='bbox 198 3239 262 3282; x_wconf 94' lang='lat' dir='ltr'>non</span> <span class='ocrx_word' id='word_1_163' title='bbox 287 3228 355 3282; x_wconf 86' lang='lat' dir='ltr'>erat</span> <span class='ocrx_word' id='word_1_164' title='bbox 378 3229 509 3301; x_wconf 92' lang='lat' dir='ltr'>tempus</span> <span class='ocrx_word' id='word_1_165' title='bbox 533 3219 741 3300; x_wconf 90' lang='lat' dir='ltr'>plenitudinis</span> <span class='ocrx_word' id='word_1_166' title='bbox 764 3220 895 3300; x_wconf 85' lang='lat' dir='ltr'>gratiae;</span> <span class='ocrx_word' id='word_1_167' title='bbox 919 3240 999 3301; x_wconf 81' lang='lat' dir='ltr'>ergo</span> <span class='ocrx_word' id='word_1_168' title='bbox 1015 3239 1082 3282; x_wconf 90' lang='lat' dir='ltr'>non</span> <span class='ocrx_word' id='word_1_169' title='bbox 1106 3219 1166 3281; x_wconf 86' lang='lat' dir='ltr'>de·</span> 
     </span>
     <span class='ocr_line' id='line_1_27' title="bbox 198 3325 1159 3408; baseline -0.001 -21"><span class='ocrx_word' id='word_1_170' title='bbox 198 3325 269 3389; x_wconf 91' lang='lat' dir='ltr'>buit</span> <span class='ocrx_word' id='word_1_171' title='bbox 291 3335 370 3389; x_wconf 87' lang='lat' dir='ltr'>tunc</span> <span class='ocrx_word' id='word_1_172' title='bbox 386 3326 543 3407; x_wconf 92' lang='lat' dir='ltr'>temporis</span> <span class='ocrx_word' id='word_1_173' title='bbox 560 3326 642 3388; x_wconf 92' lang='lat' dir='ltr'>mitti</span> <span class='ocrx_word' id='word_1_174' title='bbox 658 3326 789 3408; x_wconf 84' lang='lat' dir='ltr'>signum</span> <span class='ocrx_word' id='word_1_175' title='bbox 807 3325 1017 3407; x_wconf 88' lang='lat' dir='ltr'>plenitudinis</span> <span class='ocrx_word' id='word_1_176' title='bbox 1033 3325 1159 3407; x_wconf 82' lang='lat' dir='ltr'>gratiae.</span> 
     </span>
     <span class='ocr_line' id='line_1_28' title="bbox 198 3412 1159 3514; baseline -0.002 -19"><span class='ocrx_word' id='word_1_177' title='bbox 198 3430 262 3495; x_wconf 84' lang='lat' dir='ltr'>Sed</span> <span class='ocrx_word' id='word_1_178' title='bbox 286 3432 350 3495; x_wconf 82' lang='lat' dir='ltr'>tale</span> <span class='ocrx_word' id='word_1_179' title='bbox 373 3412 504 3514; x_wconf 81' lang='lat' dir='ltr'>signum</span> <span class='ocrx_word' id='word_1_180' title='bbox 527 3441 576 3494; x_wconf 89' lang='lat' dir='ltr'>est</span> <span class='ocrx_word' id='word_1_181' title='bbox 600 3432 709 3494; x_wconf 88' lang='lat' dir='ltr'>missio</span> <span class='ocrx_word' id='word_1_182' title='bbox 721 3431 853 3495; x_wconf 91' lang='lat' dir='ltr'>visibilis</span> <span class='ocrx_word' id='word_1_183' title='bbox 869 3431 1008 3513; x_wconf 89' lang='lat' dir='ltr'>Spiritus</span> <span class='ocrx_word' id='word_1_184' title='bbox 1032 3431 1159 3505; x_wconf 88' lang='lat' dir='ltr'>Sancti;</span> 
     </span>
     <span class='ocr_line' id='line_1_29' title="bbox 196 3537 1167 3621; baseline -0.001 -21"><span class='ocrx_word' id='word_1_185' title='bbox 196 3558 286 3620; x_wconf 86' lang='lat' dir='ltr'>ergo.</span> <span class='ocrx_word' id='word_1_186' title='bbox 311 3574 355 3587; x_wconf 90' lang='lat'>-</span> <span class='ocrx_word' id='word_1_187' title='bbox 380 3538 525 3601; x_wconf 84' lang='lat' dir='ltr'>Secundo</span> <span class='ocrx_word' id='word_1_188' title='bbox 548 3539 607 3602; x_wconf 93' lang='lat' dir='ltr'>sic:</span> <span class='ocrx_word' id='word_1_189' title='bbox 633 3537 774 3621; x_wconf 87' lang='lat' dir='ltr'>Spiritus</span> <span class='ocrx_word' id='word_1_190' title='bbox 796 3538 937 3603; x_wconf 90' lang='lat' dir='ltr'>Sanctus</span> <span class='ocrx_word' id='word_1_191' title='bbox 958 3559 1023 3602; x_wconf 93' lang='lat' dir='ltr'>non</span> <span class='ocrx_word' id='word_1_192' title='bbox 1047 3538 1167 3601; x_wconf 88' lang='lat' dir='ltr'>debuit</span> 
     </span>
     <span class='ocr_line' id='line_1_30' title="bbox 196 3645 1168 3715; baseline 0 -8"><span class='ocrx_word' id='word_1_193' title='bbox 196 3645 362 3709; x_wconf 90' lang='lat' dir='ltr'>visibiliter</span> <span class='ocrx_word' id='word_1_194' title='bbox 386 3645 469 3709; x_wconf 86' lang='lat' dir='ltr'>mitti</span> <span class='ocrx_word' id='word_1_195' title='bbox 493 3654 570 3715; x_wconf 84' lang='lat' dir='ltr'>ante</span> <span class='ocrx_word' id='word_1_196' title='bbox 593 3646 780 3712; x_wconf 90' lang='lat' dir='ltr'>missionem</span> <span class='ocrx_word' id='word_1_197' title='bbox 805 3645 890 3708; x_wconf 90' lang='lat' dir='ltr'>Filii:</span> <span class='ocrx_word' id='word_1_198' title='bbox 920 3646 976 3709; x_wconf 89' lang='lat' dir='ltr'>sed</span> <span class='ocrx_word' id='word_1_199' title='bbox 1003 3645 1058 3709; x_wconf 93' lang='lat' dir='ltr'>illo</span> <span class='ocrx_word' id='word_1_200' title='bbox 1081 3654 1168 3709; x_wconf 84' lang='lat' dir='ltr'>tem-</span> 
     </span>
    </p>
   </div>
   <div class='ocr_carea' id='block_1_7' title="bbox 0 0 1347 4209">
    <p class='ocr_par' dir='ltr' id='par_1_10' title="bbox 0 0 1347 4209">
     <span class='ocr_line' id='line_1_31' title="bbox 0 0 1347 4209; baseline 0 0"><span class='ocrx_word' id='word_1_201' title='bbox 0 0 1347 4209; x_wconf 95' lang='lat' dir='ltr'> </span> 
     </span>
    </p>
   </div>
  </div>
 </body>
</html>
