<?xml version="1.0" encoding="UTF-8"?>
<!DOCTYPE html PUBLIC "-//W3C//DTD XHTML 1.0 Transitional//EN"
    "http://www.w3.org/TR/xhtml1/DTD/xhtml1-transitional.dtd">
<html xmlns="http://www.w3.org/1999/xhtml" xml:lang="en" lang="en">
 <head>
  <title>
</title>
<meta http-equiv="Content-Type" content="text/html;charset=utf-8" />
  <meta name='ocr-system' content='tesseract 3.04.00' />
  <meta name='ocr-capabilities' content='ocr_page ocr_carea ocr_par ocr_line ocrx_word'/>
</head>
<body>
  <div class='ocr_page' id='page_1' title='image "./commentariainli01scotgoog_0418.png"; bbox 0 0 2684 4209; ppageno 0'>
   <div class='ocr_carea' id='block_1_1' title="bbox 284 194 986 271">
    <p class='ocr_par' dir='ltr' id='par_1_1' title="bbox 284 194 986 271">
     <span class='ocr_line' id='line_1_1' title="bbox 284 194 986 271; baseline 0.003 -14"><span class='ocrx_word' id='word_1_1' title='bbox 284 211 349 271; x_wconf 88' lang='lat'>402</span> <span class='ocrx_word' id='word_1_2' title='bbox 555 194 629 257; x_wconf 82' lang='lat' dir='ltr'>Lrss.</span> <span class='ocrx_word' id='word_1_3' title='bbox 654 195 667 256; x_wconf 92' lang='lat'><em>1</em></span> <span class='ocrx_word' id='word_1_4' title='bbox 693 195 986 259; x_wconf 64' lang='lat' dir='ltr'>§sursumsunt</span> 
     </span>
    </p>
   </div>
   <div class='ocr_carea' id='block_1_2' title="bbox 237 401 1214 3685">
    <p class='ocr_par' dir='ltr' id='par_1_2' title="bbox 259 401 1214 569">
     <span class='ocr_line' id='line_1_2' title="bbox 260 401 1214 482; baseline 0 -18"><span class='ocrx_word' id='word_1_5' title='bbox 260 401 400 482; x_wconf 82' lang='lat' dir='ltr'>Spiritus</span> <span class='ocrx_word' id='word_1_6' title='bbox 424 401 535 464; x_wconf 87' lang='lat' dir='ltr'>Sancti</span> <span class='ocrx_word' id='word_1_7' title='bbox 558 421 793 464; x_wconf 83' lang='lat' dir='ltr'>connumerare</span> <span class='ocrx_word' id='word_1_8' title='bbox 816 402 1011 466; x_wconf 79' lang='lat' dir='ltr'>studuissem</span> <span class='ocrx_word' id='word_1_9' title='bbox 1034 404 1085 464; x_wconf 93' lang='lat' dir='ltr'>vel</span> <span class='ocrx_word' id='word_1_10' title='bbox 1116 404 1214 465; x_wconf 76' lang='lat' dir='ltr'>scivis</span> 
     </span>
     <span class='ocr_line' id='line_1_3' title="bbox 259 528 339 569; baseline 0 0"><span class='ocrx_word' id='word_1_11' title='bbox 259 528 339 569; x_wconf 88' lang='lat' dir='ltr'>sem.</span> 
     </span>
    </p>

    <p class='ocr_par' dir='ltr' id='par_1_3' title="bbox 239 611 1214 1980">
     <span class='ocr_line' id='line_1_4' title="bbox 329 611 1214 701; baseline -0.005 -20"><span class='ocrx_word' id='word_1_12' title='bbox 329 611 421 681; x_wconf 79' lang='lat' dir='ltr'>Alia</span> <span class='ocrx_word' id='word_1_13' title='bbox 444 617 502 681; x_wconf 84' lang='lat' dir='ltr'>est</span> <span class='ocrx_word' id='word_1_14' title='bbox 520 613 650 699; x_wconf 80' lang='lat' dir='ltr'>opinio</span> <span class='ocrx_word' id='word_1_15' title='bbox 673 611 862 701; x_wconf 68' lang='lat' dir='ltr'>Magistri</span> <span class='ocrx_word' id='word_1_16' title='bbox 880 617 970 696; x_wconf 90' lang='lat' dir='ltr'>quod</span> <span class='ocrx_word' id='word_1_17' title='bbox 1003 615 1127 677; x_wconf 85' lang='lat' dir='ltr'>nullum</span> <span class='ocrx_word' id='word_1_18' title='bbox 1152 637 1214 679; x_wconf 79' lang='lat' dir='ltr'>orn-</span> 
     </span>
     <span class='ocr_line' id='line_1_5' title="bbox 260 721 1213 804; baseline 0.002 -22"><span class='ocrx_word' id='word_1_19' title='bbox 260 723 350 783; x_wconf 91' lang='lat' dir='ltr'>nimo</span> <span class='ocrx_word' id='word_1_20' title='bbox 373 722 414 784; x_wconf 89' lang='lat' dir='ltr'>sit</span> <span class='ocrx_word' id='word_1_21' title='bbox 438 722 588 784; x_wconf 88' lang='lat' dir='ltr'>meritum</span> <span class='ocrx_word' id='word_1_22' title='bbox 614 721 906 803; x_wconf 66' lang='lat' dir='ltr'>praedestinationis</span> <span class='ocrx_word' id='word_1_23' title='bbox 929 732 961 784; x_wconf 93' lang='lat' dir='ltr'>et</span> <span class='ocrx_word' id='word_1_24' title='bbox 985 721 1213 804; x_wconf 83' lang='lat' dir='ltr'>reprobationis</span> 
     </span>
     <span class='ocr_line' id='line_1_6' title="bbox 257 828 1212 910; baseline 0 -20"><span class='ocrx_word' id='word_1_25' title='bbox 257 829 348 910; x_wconf 93' lang='lat' dir='ltr'>quod</span> <span class='ocrx_word' id='word_1_26' title='bbox 374 830 506 910; x_wconf 92' lang='lat' dir='ltr'>probat:</span> <span class='ocrx_word' id='word_1_27' title='bbox 539 828 654 891; x_wconf 84' lang='lat' dir='ltr'>Primo</span> <span class='ocrx_word' id='word_1_28' title='bbox 686 830 745 890; x_wconf 90' lang='lat' dir='ltr'>sic:</span> <span class='ocrx_word' id='word_1_29' title='bbox 779 830 809 890; x_wconf 94' lang='lat' dir='ltr'>in</span> <span class='ocrx_word' id='word_1_30' title='bbox 843 829 947 910; x_wconf 86' lang='lat' dir='ltr'>Epist.</span> <span class='ocrx_word' id='word_1_31' title='bbox 976 829 1017 890; x_wconf 84' lang='lat' dir='ltr'>ad</span> <span class='ocrx_word' id='word_1_32' title='bbox 1051 831 1212 892; x_wconf 87' lang='lat' dir='ltr'>Romanos</span> 
     </span>
     <span class='ocr_line' id='line_1_7' title="bbox 239 936 1212 1017; baseline 0 -19"><span class='ocrx_word' id='word_1_33' title='bbox 239 936 368 998; x_wconf 66' lang='lat' dir='ltr'>‘dicens</span> <span class='ocrx_word' id='word_1_34' title='bbox 391 937 432 997; x_wconf 93' lang='lat' dir='ltr'>de</span> <span class='ocrx_word' id='word_1_35' title='bbox 456 936 558 1016; x_wconf 86' lang='lat' dir='ltr'>Jacob</span> <span class='ocrx_word' id='word_1_36' title='bbox 573 944 605 997; x_wconf 92' lang='lat' dir='ltr'>et</span> <span class='ocrx_word' id='word_1_37' title='bbox 630 937 728 1010; x_wconf 88' lang='lat' dir='ltr'>Esau,</span> <span class='ocrx_word' id='word_1_38' title='bbox 746 957 831 1009; x_wconf 90' lang='lat' dir='ltr'>cum,</span> <span class='ocrx_word' id='word_1_39' title='bbox 856 937 971 1017; x_wconf 90' lang='lat' dir='ltr'>inquit,</span> <span class='ocrx_word' id='word_1_40' title='bbox 996 938 1145 998; x_wconf 92' lang='lat' dir='ltr'>nondum</span> <span class='ocrx_word' id='word_1_41' title='bbox 1162 959 1212 998; x_wconf 86' lang='lat' dir='ltr'>na-</span> 
     </span>
     <span class='ocr_line' id='line_1_8' title="bbox 256 1043 1212 1124; baseline 0.001 -20"><span class='ocrx_word' id='word_1_42' title='bbox 256 1044 281 1104; x_wconf 83' lang='lat' dir='ltr'>ti</span> <span class='ocrx_word' id='word_1_43' title='bbox 304 1052 420 1117; x_wconf 86' lang='lat' dir='ltr'>essent,</span> <span class='ocrx_word' id='word_1_44' title='bbox 444 1052 501 1104; x_wconf 87' lang='lat' dir='ltr'>aut</span> <span class='ocrx_word' id='word_1_45' title='bbox 516 1043 637 1124; x_wconf 91' lang='lat' dir='ltr'>aliquid</span> <span class='ocrx_word' id='word_1_46' title='bbox 653 1044 730 1105; x_wconf 94' lang='lat' dir='ltr'>boni</span> <span class='ocrx_word' id='word_1_47' title='bbox 747 1044 796 1105; x_wconf 89' lang='lat' dir='ltr'>vel</span> <span class='ocrx_word' id='word_1_48' title='bbox 821 1043 896 1105; x_wconf 88' lang='lat' dir='ltr'>mali</span> <span class='ocrx_word' id='word_1_49' title='bbox 913 1044 1063 1124; x_wconf 81' lang='lat' dir='ltr'>egissent,</span> <span class='ocrx_word' id='word_1_50' title='bbox 1084 1065 1129 1105; x_wconf 87' lang='lat' dir='ltr'>ex</span> <span class='ocrx_word' id='word_1_51' title='bbox 1146 1044 1212 1106; x_wconf 89' lang='lat' dir='ltr'>Deo</span> 
     </span>
     <span class='ocr_line' id='line_1_9' title="bbox 255 1150 1212 1230; baseline 0.002 -20"><span class='ocrx_word' id='word_1_52' title='bbox 255 1159 393 1211; x_wconf 83' lang='lat' dir='ltr'>vocante</span> <span class='ocrx_word' id='word_1_53' title='bbox 413 1151 536 1212; x_wconf 92' lang='lat' dir='ltr'>dictum</span> <span class='ocrx_word' id='word_1_54' title='bbox 560 1160 617 1212; x_wconf 91' lang='lat' dir='ltr'>est:</span> <span class='ocrx_word' id='word_1_55' title='bbox 644 1150 748 1230; x_wconf 87' lang='lat' dir='ltr'>major</span> <span class='ocrx_word' id='word_1_56' title='bbox 771 1150 885 1212; x_wconf 83' lang='lat' dir='ltr'>serviet</span> <span class='ocrx_word' id='word_1_57' title='bbox 911 1151 1035 1214; x_wconf 90' lang='lat' dir='ltr'>minori.</span> <span class='ocrx_word' id='word_1_58' title='bbox 1062 1187 1096 1198; x_wconf 88' lang='lat'>-·</span> <span class='ocrx_word' id='word_1_59' title='bbox 1129 1151 1212 1212; x_wconf 72' lang='lat' dir='ltr'>Prte-</span> 
     </span>
     <span class='ocr_line' id='line_1_10' title="bbox 254 1257 1211 1339; baseline 0 -21"><span class='ocrx_word' id='word_1_60' title='bbox 254 1268 351 1328; x_wconf 78' lang='lat' dir='ltr'>terea,</span> <span class='ocrx_word' id='word_1_61' title='bbox 387 1257 569 1339; x_wconf 87' lang='lat' dir='ltr'>Apostolus</span> <span class='ocrx_word' id='word_1_62' title='bbox 600 1257 693 1338; x_wconf 91' lang='lat' dir='ltr'>ponit</span> <span class='ocrx_word' id='word_1_63' title='bbox 718 1257 803 1318; x_wconf 92' lang='lat' dir='ltr'>idem</span> <span class='ocrx_word' id='word_1_64' title='bbox 826 1257 1017 1337; x_wconf 87' lang='lat' dir='ltr'>exemplum</span> <span class='ocrx_word' id='word_1_65' title='bbox 1049 1257 1090 1319; x_wconf 95' lang='lat' dir='ltr'>de</span> <span class='ocrx_word' id='word_1_66' title='bbox 1114 1257 1211 1339; x_wconf 83' lang='lat' dir='ltr'>figulo</span> 
     </span>
     <span class='ocr_line' id='line_1_11' title="bbox 253 1361 1210 1446; baseline -0.001 -21"><span class='ocrx_word' id='word_1_67' title='bbox 253 1365 308 1446; x_wconf 93' lang='lat' dir='ltr'>qui</span> <span class='ocrx_word' id='word_1_68' title='bbox 332 1386 374 1424; x_wconf 83' lang='lat' dir='ltr'>ex</span> <span class='ocrx_word' id='word_1_69' title='bbox 398 1365 511 1425; x_wconf 86' lang='lat' dir='ltr'>eadem</span> <span class='ocrx_word' id='word_1_70' title='bbox 537 1385 642 1426; x_wconf 90' lang='lat' dir='ltr'>massa</span> <span class='ocrx_word' id='word_1_71' title='bbox 666 1361 741 1425; x_wconf 82' lang='lat' dir='ltr'>facit</span> <span class='ocrx_word' id='word_1_72' title='bbox 764 1364 871 1446; x_wconf 89' lang='lat' dir='ltr'>aliqua</span> <span class='ocrx_word' id='word_1_73' title='bbox 895 1385 970 1425; x_wconf 89' lang='lat' dir='ltr'>vasa</span> <span class='ocrx_word' id='word_1_74' title='bbox 999 1364 1030 1424; x_wconf 93' lang='lat' dir='ltr'>in</span> <span class='ocrx_word' id='word_1_75' title='bbox 1056 1363 1210 1426; x_wconf 84' lang='lat' dir='ltr'>honorem</span> 
     </span>
     <span class='ocr_line' id='line_1_12' title="bbox 251 1471 1211 1552; baseline 0 -20"><span class='ocrx_word' id='word_1_76' title='bbox 251 1480 285 1532; x_wconf 84' lang='lat' dir='ltr'>et</span> <span class='ocrx_word' id='word_1_77' title='bbox 308 1472 415 1552; x_wconf 88' lang='lat' dir='ltr'>aliqua</span> <span class='ocrx_word' id='word_1_78' title='bbox 447 1471 478 1532; x_wconf 92' lang='lat' dir='ltr'>in</span> <span class='ocrx_word' id='word_1_79' title='bbox 510 1471 760 1546; x_wconf 87' lang='lat' dir='ltr'>contumeliam;</span> <span class='ocrx_word' id='word_1_80' title='bbox 792 1479 824 1532; x_wconf 87' lang='lat' dir='ltr'>et</span> <span class='ocrx_word' id='word_1_81' title='bbox 855 1471 899 1532; x_wconf 91' lang='lat' dir='ltr'>sic</span> <span class='ocrx_word' id='word_1_82' title='bbox 930 1489 995 1532; x_wconf 93' lang='lat' dir='ltr'>non</span> <span class='ocrx_word' id='word_1_83' title='bbox 1026 1479 1075 1532; x_wconf 87' lang='lat' dir='ltr'>est</span> <span class='ocrx_word' id='word_1_84' title='bbox 1107 1472 1211 1552; x_wconf 88' lang='lat' dir='ltr'>aliqua</span> 
     </span>
     <span class='ocr_line' id='line_1_13' title="bbox 254 1575 1212 1650; baseline 0 -11"><span class='ocrx_word' id='word_1_85' title='bbox 254 1599 350 1639; x_wconf 89' lang='lat' dir='ltr'>causa</span> <span class='ocrx_word' id='word_1_86' title='bbox 374 1577 426 1650; x_wconf 90' lang='lat' dir='ltr'>ibi,</span> <span class='ocrx_word' id='word_1_87' title='bbox 451 1578 510 1640; x_wconf 93' lang='lat' dir='ltr'>nisi</span> <span class='ocrx_word' id='word_1_88' title='bbox 533 1587 663 1639; x_wconf 88' lang='lat' dir='ltr'>tantum</span> <span class='ocrx_word' id='word_1_89' title='bbox 688 1578 837 1640; x_wconf 87' lang='lat' dir='ltr'>voluntas</span> <span class='ocrx_word' id='word_1_90' title='bbox 865 1575 1003 1639; x_wconf 75' lang='lat' dir='ltr'>artificia.</span> <span class='ocrx_word' id='word_1_91' title='bbox 1027 1613 1073 1624; x_wconf 92' lang='lat'><em>-</em></span> <span class='ocrx_word' id='word_1_92' title='bbox 1096 1578 1212 1640; x_wconf 63' lang='lat' dir='ltr'>Praete-</span> 
     </span>
     <span class='ocr_line' id='line_1_14' title="bbox 251 1677 1212 1766; baseline 0 -20"><span class='ocrx_word' id='word_1_93' title='bbox 251 1706 317 1756; x_wconf 80' lang='lat' dir='ltr'>rea,</span> <span class='ocrx_word' id='word_1_94' title='bbox 346 1685 555 1766; x_wconf 84' lang='lat' dir='ltr'>Augustinus</span> <span class='ocrx_word' id='word_1_95' title='bbox 571 1686 642 1747; x_wconf 82' lang='lat' dir='ltr'>Lib.</span> <span class='ocrx_word' id='word_1_96' title='bbox 667 1685 707 1746; x_wconf 80' lang='lat' dir='ltr'>de</span> <span class='ocrx_word' id='word_1_97' title='bbox 729 1677 889 1747; x_wconf 62' lang='lat' dir='ltr'>Prodest]</span> <span class='ocrx_word' id='word_1_98' title='bbox 911 1685 1119 1756; x_wconf 72' lang='lat' dir='ltr'>Sanctorum,</span> <span class='ocrx_word' id='word_1_99' title='bbox 1148 1707 1212 1746; x_wconf 92' lang='lat' dir='ltr'>non</span> 
     </span>
     <span class='ocr_line' id='line_1_15' title="bbox 251 1790 1213 1872; baseline 0 -20"><span class='ocrx_word' id='word_1_100' title='bbox 251 1792 329 1872; x_wconf 91' lang='lat' dir='ltr'>quia</span> <span class='ocrx_word' id='word_1_101' title='bbox 352 1790 478 1853; x_wconf 86' lang='lat' dir='ltr'>futuros</span> <span class='ocrx_word' id='word_1_102' title='bbox 502 1813 560 1853; x_wconf 89' lang='lat' dir='ltr'>nos</span> <span class='ocrx_word' id='word_1_103' title='bbox 591 1813 659 1854; x_wconf 88' lang='lat' dir='ltr'>esse</span> <span class='ocrx_word' id='word_1_104' title='bbox 679 1793 758 1853; x_wconf 88' lang='lat' dir='ltr'>tales</span> <span class='ocrx_word' id='word_1_105' title='bbox 782 1791 943 1872; x_wconf 55' lang='lat' dir='ltr'>praescivit</span> <span class='ocrx_word' id='word_1_106' title='bbox 966 1791 1065 1872; x_wconf 85' lang='lat' dir='ltr'>eligit,</span> <span class='ocrx_word' id='word_1_107' title='bbox 1099 1794 1156 1853; x_wconf 90' lang='lat' dir='ltr'>sed</span> <span class='ocrx_word' id='word_1_108' title='bbox 1177 1802 1213 1852; x_wconf 89' lang='lat' dir='ltr'>nt</span> 
     </span>
     <span class='ocr_line' id='line_1_16' title="bbox 248 1898 926 1980; baseline 0.003 -20"><span class='ocrx_word' id='word_1_109' title='bbox 248 1919 392 1960; x_wconf 87' lang='lat' dir='ltr'>essemus</span> <span class='ocrx_word' id='word_1_110' title='bbox 416 1900 495 1960; x_wconf 90' lang='lat' dir='ltr'>tales</span> <span class='ocrx_word' id='word_1_111' title='bbox 518 1919 575 1980; x_wconf 93' lang='lat' dir='ltr'>per</span> <span class='ocrx_word' id='word_1_112' title='bbox 598 1898 702 1980; x_wconf 87' lang='lat' dir='ltr'>ipsam</span> <span class='ocrx_word' id='word_1_113' title='bbox 726 1899 926 1963; x_wconf 84' lang='lat' dir='ltr'>electionem.</span> 
     </span>
    </p>

    <p class='ocr_par' dir='ltr' id='par_1_4' title="bbox 241 2004 1214 2922">
     <span class='ocr_line' id='line_1_17' title="bbox 320 2004 1213 2088; baseline 0 -20"><span class='ocrx_word' id='word_1_114' title='bbox 320 2004 441 2088; x_wconf 75' lang='lat' dir='ltr'>Objicu</span> <span class='ocrx_word' id='word_1_115' title='bbox 465 2016 575 2067; x_wconf 87' lang='lat' dir='ltr'>autem</span> <span class='ocrx_word' id='word_1_116' title='bbox 601 2007 756 2087; x_wconf 84' lang='lat' dir='ltr'>Magister</span> <span class='ocrx_word' id='word_1_117' title='bbox 780 2015 892 2067; x_wconf 89' lang='lat' dir='ltr'>contra</span> <span class='ocrx_word' id='word_1_118' title='bbox 915 2026 958 2080; x_wconf 91' lang='lat' dir='ltr'>se,</span> <span class='ocrx_word' id='word_1_119' title='bbox 987 2005 1113 2066; x_wconf 90' lang='lat' dir='ltr'>dictum</span> <span class='ocrx_word' id='word_1_120' title='bbox 1139 2006 1213 2068; x_wconf 74' lang='lat' dir='ltr'>Au·</span> 
     </span>
     <span class='ocr_line' id='line_1_18' title="bbox 248 2112 1213 2194; baseline 0.005 -21"><span class='ocrx_word' id='word_1_121' title='bbox 248 2113 368 2193; x_wconf 86' lang='lat' dir='ltr'>gustini</span> <span class='ocrx_word' id='word_1_122' title='bbox 392 2114 427 2174; x_wconf 82' lang='lat' dir='ltr'>iu</span> <span class='ocrx_word' id='word_1_123' title='bbox 451 2112 661 2175; x_wconf 62' lang='lat' dir='ltr'>illaluclrium</span> <span class='ocrx_word' id='word_1_124' title='bbox 681 2112 871 2194; x_wconf 75' lang='lat' dir='ltr'>proplietam</span> <span class='ocrx_word' id='word_1_125' title='bbox 896 2121 1096 2193; x_wconf 86' lang='lat' dir='ltr'>pertractans</span> <span class='ocrx_word' id='word_1_126' title='bbox 1121 2113 1213 2179; x_wconf 84' lang='lat' dir='ltr'>illud:</span> 
     </span>
     <span class='ocr_line' id='line_1_19' title="bbox 248 2219 1212 2301; baseline 0.001 -20"><span class='ocrx_word' id='word_1_127' title='bbox 248 2221 350 2300; x_wconf 83' lang='lat' dir='ltr'>Jacob</span> <span class='ocrx_word' id='word_1_128' title='bbox 374 2220 472 2281; x_wconf 88' lang='lat' dir='ltr'>dilexi</span> <span class='ocrx_word' id='word_1_129' title='bbox 497 2221 583 2281; x_wconf 89' lang='lat' dir='ltr'>Esau</span> <span class='ocrx_word' id='word_1_130' title='bbox 613 2229 723 2282; x_wconf 90' lang='lat' dir='ltr'>autem</span> <span class='ocrx_word' id='word_1_131' title='bbox 748 2220 824 2280; x_wconf 89' lang='lat' dir='ltr'>odio</span> <span class='ocrx_word' id='word_1_132' title='bbox 855 2219 963 2281; x_wconf 89' lang='lat' dir='ltr'>habui.</span> <span class='ocrx_word' id='word_1_133' title='bbox 996 2219 1066 2292; x_wconf 88' lang='lat' dir='ltr'>Cui,</span> <span class='ocrx_word' id='word_1_134' title='bbox 1094 2220 1212 2301; x_wconf 87' lang='lat' dir='ltr'>inquit.</span> 
     </span>
     <span class='ocr_line' id='line_1_20' title="bbox 246 2326 1213 2407; baseline 0.001 -20"><span class='ocrx_word' id='word_1_135' title='bbox 246 2328 317 2389; x_wconf 88' lang='lat' dir='ltr'>vult</span> <span class='ocrx_word' id='word_1_136' title='bbox 342 2327 519 2398; x_wconf 87' lang='lat' dir='ltr'>miseretur,</span> <span class='ocrx_word' id='word_1_137' title='bbox 543 2335 575 2388; x_wconf 89' lang='lat' dir='ltr'>et</span> <span class='ocrx_word' id='word_1_138' title='bbox 600 2327 793 2407; x_wconf 88' lang='lat' dir='ltr'>quem-vult</span> <span class='ocrx_word' id='word_1_139' title='bbox 824 2327 971 2401; x_wconf 90' lang='lat' dir='ltr'>indurat;</span> <span class='ocrx_word' id='word_1_140' title='bbox 1004 2327 1060 2388; x_wconf 89' lang='lat' dir='ltr'>sed</span> <span class='ocrx_word' id='word_1_141' title='bbox 1092 2326 1213 2388; x_wconf 88' lang='lat' dir='ltr'>volun·</span> 
     </span>
     <span class='ocr_line' id='line_1_21' title="bbox 246 2433 1214 2514; baseline 0.001 -19"><span class='ocrx_word' id='word_1_142' title='bbox 246 2445 296 2495; x_wconf 84' lang='lat' dir='ltr'>tas</span> <span class='ocrx_word' id='word_1_143' title='bbox 313 2434 374 2495; x_wconf 88' lang='lat' dir='ltr'>Dei</span> <span class='ocrx_word' id='word_1_144' title='bbox 399 2434 516 2514; x_wconf 90' lang='lat' dir='ltr'>injusta</span> <span class='ocrx_word' id='word_1_145' title='bbox 540 2455 608 2495; x_wconf 88' lang='lat' dir='ltr'>esse</span> <span class='ocrx_word' id='word_1_146' title='bbox 632 2454 696 2495; x_wconf 94' lang='lat' dir='ltr'>non</span> <span class='ocrx_word' id='word_1_147' title='bbox 715 2442 835 2514; x_wconf 88' lang='lat' dir='ltr'>potest;</span> <span class='ocrx_word' id='word_1_148' title='bbox 860 2433 947 2494; x_wconf 89' lang='lat' dir='ltr'>venit</span> <span class='ocrx_word' id='word_1_149' title='bbox 977 2453 1056 2514; x_wconf 88' lang='lat' dir='ltr'>ergo</span> <span class='ocrx_word' id='word_1_150' title='bbox 1079 2434 1122 2494; x_wconf 91' lang='lat' dir='ltr'>de</span> <span class='ocrx_word' id='word_1_151' title='bbox 1154 2455 1214 2496; x_wconf 92' lang='lat' dir='ltr'>oc·</span> 
     </span>
     <span class='ocr_line' id='line_1_22' title="bbox 243 2539 1213 2620; baseline -0.001 -18"><span class='ocrx_word' id='word_1_152' title='bbox 243 2541 427 2602; x_wconf 87' lang='lat' dir='ltr'>cultissimis</span> <span class='ocrx_word' id='word_1_153' title='bbox 460 2540 588 2608; x_wconf 85' lang='lat' dir='ltr'>meritis,</span> <span class='ocrx_word' id='word_1_154' title='bbox 613 2551 673 2603; x_wconf 86' lang='lat' dir='ltr'>etc.</span> <span class='ocrx_word' id='word_1_155' title='bbox 699 2541 928 2620; x_wconf 81' lang='lat' dir='ltr'>Respondetur,</span> <span class='ocrx_word' id='word_1_156' title='bbox 957 2540 1046 2620; x_wconf 92' lang='lat' dir='ltr'>quod</span> <span class='ocrx_word' id='word_1_157' title='bbox 1070 2539 1134 2601; x_wconf 90' lang='lat' dir='ltr'>hoc</span> <span class='ocrx_word' id='word_1_158' title='bbox 1160 2542 1213 2602; x_wconf 92' lang='lat' dir='ltr'>di-</span> 
     </span>
     <span class='ocr_line' id='line_1_23' title="bbox 244 2645 1213 2728; baseline 0.001 -20"><span class='ocrx_word' id='word_1_159' title='bbox 244 2649 288 2708; x_wconf 92' lang='lat' dir='ltr'>cit</span> <span class='ocrx_word' id='word_1_160' title='bbox 305 2646 523 2728; x_wconf 66' lang='lat' dir='ltr'>Augustinus</span> <span class='ocrx_word' id='word_1_161' title='bbox 541 2648 597 2708; x_wconf 87' lang='lat' dir='ltr'>scd</span> <span class='ocrx_word' id='word_1_162' title='bbox 621 2646 680 2708; x_wconf 88' lang='lat' dir='ltr'>fuit</span> <span class='ocrx_word' id='word_1_163' title='bbox 701 2655 909 2708; x_wconf 84' lang='lat' dir='ltr'>retractatum</span> <span class='ocrx_word' id='word_1_164' title='bbox 928 2645 958 2706; x_wconf 89' lang='lat' dir='ltr'>in</span> <span class='ocrx_word' id='word_1_165' title='bbox 983 2646 1087 2717; x_wconf 91' lang='lat' dir='ltr'>simili,</span> <span class='ocrx_word' id='word_1_166' title='bbox 1105 2667 1213 2726; x_wconf 89' lang='lat' dir='ltr'>quan-</span> 
     </span>
     <span class='ocr_line' id='line_1_24' title="bbox 245 2753 1213 2834; baseline 0 -19"><span class='ocrx_word' id='word_1_167' title='bbox 245 2755 288 2815; x_wconf 91' lang='lat' dir='ltr'>do</span> <span class='ocrx_word' id='word_1_168' title='bbox 313 2754 496 2816; x_wconf 85' lang='lat' dir='ltr'>retractavit</span> <span class='ocrx_word' id='word_1_169' title='bbox 513 2754 590 2815; x_wconf 91' lang='lat' dir='ltr'>illud</span> <span class='ocrx_word' id='word_1_170' title='bbox 614 2754 645 2815; x_wconf 91' lang='lat' dir='ltr'>iu</span> <span class='ocrx_word' id='word_1_171' title='bbox 664 2753 767 2834; x_wconf 84' lang='lat' dir='ltr'>Epist.</span> <span class='ocrx_word' id='word_1_172' title='bbox 786 2754 827 2813; x_wconf 89' lang='lat' dir='ltr'>ad</span> <span class='ocrx_word' id='word_1_173' title='bbox 846 2753 1021 2815; x_wconf 83' lang='lat' dir='ltr'>Romanos</span> <span class='ocrx_word' id='word_1_174' title='bbox 1045 2753 1116 2814; x_wconf 76' lang='lat' dir='ltr'>Lib.</span> <span class='ocrx_word' id='word_1_175' title='bbox 1141 2755 1213 2815; x_wconf 77' lang='lat' dir='ltr'>Re:-</span> 
     </span>
     <span class='ocr_line' id='line_1_25' title="bbox 241 2869 335 2922; baseline 0.011 -1"><span class='ocrx_word' id='word_1_176' title='bbox 241 2869 335 2922; x_wconf 76' lang='lat' dir='ltr'>tract.</span> 
     </span>
    </p>

    <p class='ocr_par' dir='ltr' id='par_1_5' title="bbox 237 2964 1214 3685">
     <span class='ocr_line' id='line_1_26' title="bbox 310 2964 1213 3052; baseline -0.003 -20"><span class='ocrx_word' id='word_1_177' title='bbox 310 2965 400 3033; x_wconf 76' lang='lat' dir='ltr'>Alia</span> <span class='ocrx_word' id='word_1_178' title='bbox 423 2971 480 3034; x_wconf 79' lang='lat' dir='ltr'>est</span> <span class='ocrx_word' id='word_1_179' title='bbox 508 2964 637 3052; x_wconf 72' lang='lat' dir='ltr'>Opinio</span> <span class='ocrx_word' id='word_1_180' title='bbox 675 2968 915 3040; x_wconf 86' lang='lat' dir='ltr'>modernorum,</span> <span class='ocrx_word' id='word_1_181' title='bbox 955 2967 1042 3046; x_wconf 92' lang='lat' dir='ltr'>quod</span> <span class='ocrx_word' id='word_1_182' title='bbox 1079 2967 1213 3047; x_wconf 76' lang='lat' dir='ltr'>praede-</span> 
     </span>
     <span class='ocr_line' id='line_1_27' title="bbox 241 3071 1213 3156; baseline -0.001 -21"><span class='ocrx_word' id='word_1_183' title='bbox 241 3075 372 3136; x_wconf 88' lang='lat' dir='ltr'>stinatio</span> <span class='ocrx_word' id='word_1_184' title='bbox 396 3085 427 3135; x_wconf 92' lang='lat' dir='ltr'>et</span> <span class='ocrx_word' id='word_1_185' title='bbox 444 3074 627 3155; x_wconf 83' lang='lat' dir='ltr'>reprobatio</span> <span class='ocrx_word' id='word_1_186' title='bbox 652 3073 773 3134; x_wconf 82' lang='lat' dir='ltr'>habent</span> <span class='ocrx_word' id='word_1_187' title='bbox 796 3091 928 3133; x_wconf 87' lang='lat' dir='ltr'>causam</span> <span class='ocrx_word' id='word_1_188' title='bbox 964 3071 996 3133; x_wconf 93' lang='lat' dir='ltr'>in</span> <span class='ocrx_word' id='word_1_189' title='bbox 1020 3072 1213 3156; x_wconf 80' lang='lat' dir='ltr'>universali,</span> 
     </span>
     <span class='ocr_line' id='line_1_28' title="bbox 240 3177 1213 3261; baseline 0.001 -20"><span class='ocrx_word' id='word_1_190' title='bbox 240 3181 298 3242; x_wconf 88' lang='lat' dir='ltr'>sed</span> <span class='ocrx_word' id='word_1_191' title='bbox 323 3201 386 3241; x_wconf 94' lang='lat' dir='ltr'>non</span> <span class='ocrx_word' id='word_1_192' title='bbox 411 3191 459 3241; x_wconf 89' lang='lat' dir='ltr'>est</span> <span class='ocrx_word' id='word_1_193' title='bbox 482 3180 675 3261; x_wconf 87' lang='lat' dir='ltr'>assignanda</span> <span class='ocrx_word' id='word_1_194' title='bbox 700 3199 796 3240; x_wconf 82' lang='lat' dir='ltr'>causa</span> <span class='ocrx_word' id='word_1_195' title='bbox 820 3177 850 3239; x_wconf 95' lang='lat' dir='ltr'>in</span> <span class='ocrx_word' id='word_1_196' title='bbox 876 3177 1067 3260; x_wconf 86' lang='lat' dir='ltr'>particulari.</span> <span class='ocrx_word' id='word_1_197' title='bbox 1095 3177 1213 3242; x_wconf 84' lang='lat' dir='ltr'>Causa</span> 
     </span>
     <span class='ocr_line' id='line_1_29' title="bbox 240 3284 1214 3367; baseline 0 -19"><span class='ocrx_word' id='word_1_198' title='bbox 240 3298 351 3349; x_wconf 86' lang='lat' dir='ltr'>autem</span> <span class='ocrx_word' id='word_1_199' title='bbox 377 3287 562 3349; x_wconf 86' lang='lat' dir='ltr'>universalis</span> <span class='ocrx_word' id='word_1_200' title='bbox 585 3297 632 3348; x_wconf 88' lang='lat' dir='ltr'>est</span> <span class='ocrx_word' id='word_1_201' title='bbox 656 3287 788 3367; x_wconf 85' lang='lat' dir='ltr'>duplex.</span> <span class='ocrx_word' id='word_1_202' title='bbox 821 3285 929 3346; x_wconf 85' lang='lat' dir='ltr'>Prima</span> <span class='ocrx_word' id='word_1_203' title='bbox 963 3295 1010 3347; x_wconf 89' lang='lat' dir='ltr'>est</span> <span class='ocrx_word' id='word_1_204' title='bbox 1045 3284 1214 3366; x_wconf 81' lang='lat' dir='ltr'>perfectio</span> 
     </span>
     <span class='ocr_line' id='line_1_30' title="bbox 243 3390 1211 3476; baseline 0.001 -21"><span class='ocrx_word' id='word_1_205' title='bbox 243 3395 391 3466; x_wconf 88' lang='lat' dir='ltr'>universi,</span> <span class='ocrx_word' id='word_1_206' title='bbox 416 3395 492 3476; x_wconf 90' lang='lat' dir='ltr'>quia</span> <span class='ocrx_word' id='word_1_207' title='bbox 516 3393 654 3456; x_wconf 81' lang='lat' dir='ltr'>distincti</span> <span class='ocrx_word' id='word_1_208' title='bbox 679 3393 798 3474; x_wconf 90' lang='lat' dir='ltr'>gradus</span> <span class='ocrx_word' id='word_1_209' title='bbox 822 3390 943 3453; x_wconf 88' lang='lat' dir='ltr'>faciunt</span> <span class='ocrx_word' id='word_1_210' title='bbox 966 3392 1007 3453; x_wconf 87' lang='lat' dir='ltr'>ad</span> <span class='ocrx_word' id='word_1_211' title='bbox 1041 3393 1211 3472; x_wconf 84' lang='lat' dir='ltr'>majorem</span> 
     </span>
     <span class='ocr_line' id='line_1_31' title="bbox 237 3498 1212 3581; baseline 0 -20"><span class='ocrx_word' id='word_1_212' title='bbox 237 3500 468 3581; x_wconf 86' lang='lat' dir='ltr'>perfectionem</span> <span class='ocrx_word' id='word_1_213' title='bbox 494 3500 641 3561; x_wconf 88' lang='lat' dir='ltr'>universi.</span> <span class='ocrx_word' id='word_1_214' title='bbox 665 3500 744 3561; x_wconf 91' lang='lat' dir='ltr'>Alia</span> <span class='ocrx_word' id='word_1_215' title='bbox 774 3517 870 3560; x_wconf 85' lang='lat' dir='ltr'>causa</span> <span class='ocrx_word' id='word_1_216' title='bbox 905 3508 953 3560; x_wconf 92' lang='lat' dir='ltr'>est</span> <span class='ocrx_word' id='word_1_217' title='bbox 986 3498 1027 3559; x_wconf 87' lang='lat' dir='ltr'>ad</span> <span class='ocrx_word' id='word_1_218' title='bbox 1064 3499 1212 3561; x_wconf 84' lang='lat' dir='ltr'>manife-</span> 
     </span>
     <span class='ocr_line' id='line_1_32' title="bbox 237 3603 1212 3685; baseline 0.002 -20"><span class='ocrx_word' id='word_1_219' title='bbox 237 3607 388 3665; x_wconf 86' lang='lat' dir='ltr'>standam</span> <span class='ocrx_word' id='word_1_220' title='bbox 412 3605 553 3666; x_wconf 89' lang='lat' dir='ltr'>divinam</span> <span class='ocrx_word' id='word_1_221' title='bbox 580 3604 830 3666; x_wconf 85' lang='lat' dir='ltr'>misericordiam</span> <span class='ocrx_word' id='word_1_222' title='bbox 862 3613 893 3666; x_wconf 91' lang='lat' dir='ltr'>et</span> <span class='ocrx_word' id='word_1_223' title='bbox 926 3603 1095 3685; x_wconf 87' lang='lat' dir='ltr'>justitiam,</span> <span class='ocrx_word' id='word_1_224' title='bbox 1120 3625 1212 3667; x_wconf 86' lang='lat' dir='ltr'>narn</span> 
     </span>
    </p>
   </div>
   <div class='ocr_carea' id='block_1_3' title="bbox 0 0 1346 4209">
    <p class='ocr_par' dir='ltr' id='par_1_6' title="bbox 0 0 1346 4209">
     <span class='ocr_line' id='line_1_33' title="bbox 0 0 1346 4209; baseline 0 6"><span class='ocrx_word' id='word_1_225' title='bbox 0 0 1346 4209; x_wconf 95' lang='lat' dir='ltr'> </span> 
     </span>
    </p>
   </div>
  </div>
 </body>
</html>
