2684 4209
253 327 315 390 342
523 310 597 373 Lm.
621 311 635 373 I
659 310 954 375 Ssuruurmnuu

296 516 357 579 An
382 530 527 579 miltun
552 530 769 580 intuentis
801 516 1003 605 patet,·quia
1017 515 1202 597 intelligere

230 642 296 685 non
311 623 468 705 accipitur
480 643 562 704 pure
577 624 788 686 essentialiter
804 644 864 686 nec
880 644 960 705 pure
976 622 1196 685 notionaliter.

295 729 354 791 Ad
373 730 548 792 secundnm
572 732 646 793 dico
669 732 758 812 quod
773 732 867 792 Pater
891 730 996 811 diligit
1020 750 1054 792 se
1070 728 1198 810 Spiritu

231 834 361 899 Sancto.
387 836 431 898 Et
454 837 479 898 si
504 837 649 900 instatur
670 837 761 919 quod
777 837 883 918 diligit
906 858 940 899 se
963 837 995 899 in
1025 836 1133 918 primo
1156 836 1199 899 si-

230 963 298 1023 gno
320 944 462 1025 originis
486 944 557 1006 dico
580 946 670 1025 quod
688 964 800 1005 verum
825 954 882 1017 est,
908 944 964 1006 sed
988 954 1067 1006 tunc
1086 943 1197 1025 diligit

229 1069 264 1110 se
288 1049 454 1112 voluntate
478 1060 514 1112 ut
537 1051 569 1111 in
593 1051 664 1132 ipso
687 1060 736 1112 est
759 1050 944 1113 formaliter.

297 1152 513 1223 Notandum
533 1168 644 1219 autem
664 1158 754 1239 quod
771 1157 927 1241 Magister
944 1166 1073 1239 reputat
1095 1156 1196 1219 istam

232 1260 456 1342 Quaestionem
481 1264 653 1337 difficilem,
678 1274 711 1326 et
735 1275 866 1345 propter
881 1264 951 1345 ejus
966 1264 1196 1327 difficultatem

230 1367 365 1430 dimittit
387 1390 459 1431 eam
485 1370 669 1443 insolutam,
695 1370 805 1432 dicens
835 1371 870 1433 in
902 1372 960 1433 ull.
993 1382 1060 1451 cap.
1092 1368 1204 1453 liujus

231 1473 341 1537 Dist:
370 1500 386 1535 u
409 1476 571 1539 difficilem
604 1476 682 1538 mihi
714 1476 816 1539 fateor
845 1477 930 1540 hanc
954 1476 1196 1558 Quaestionem.

234 1605 251 1637 «
276 1582 440 1663 praecipue
463 1604 540 1645 cum
564 1605 607 1645 ex
631 1585 725 1646 dictis
748 1586 870 1646 oriatur
893 1585 1033 1666 quaestio
1056 1605 1133 1665 quae
1158 1585 1204 1645 si-

235 1711 251 1746 «
276 1688 386 1750 milem
410 1690 539 1752 videtur
570 1690 689 1753 habere
720 1691 954 1765 difficultatem,
986 1692 1077 1773 quod
1110 1712 1198 1753 meae

235 1818 251 1853 u
275 1794 496 1877 intelligentia²
521 1798 691 1860 attendens
716 1797 884 1860 infirmitas
911 1798 1061 1860 turbatur
1092 1822 1124 1859 u.
1151 1798 1199 1863 Et

234 1925 252 1958 «
276 1901 308 1963 in
325 1900 389 1964 fine
406 1902 546 1984 Capituli
562 1904 607 1965 ait
623 1904 684 1966 sic:
718 1928 733 1963 n
754 1924 827 1966 eam
843 1914 954 1967 tamen
975 1907 1196 1987 quaestionem

236 2032 252 2067 u
276 2008 433 2071 lectorum
465 2010 641 2091 diligentiae
666 2012 793 2091 plenius
821 2012 1067 2093 dijudicandam
1094 2022 1204 2095 atque

236 2114 464 2177 «solvendam
490 2118 711 2198 relinquimus,
736 2118 778 2179 ad
810 2118 873 2181 hoc
898 2119 1006 2181 minus
1033 2120 1203 2183 sufficien-

232 2244 252 2281 u
276 2230 377 2284 tes».
402 2223 479 2285 Ideo
502 2244 566 2305 ego
590 2224 694 2305 ipsam
719 2224 763 2287 sic
788 2225 943 2306 relinquo.
