2684 4209
407 213 567 277 Pnouoo.
594 210 741 292 Qucsr.
769 212 797 273 ΙΙ
1060 224 1099 290 25

480 330 615 339 ——-—-
1016 330 1127 337 ——u-

153 422 239 475 tunc
271 412 369 475 habet
399 426 540 496 quatuor
568 418 772 480 conditiones.
792 416 853 479 Est
867 417 954 479 enim
979 416 1125 498 cognitio

158 530 248 582 certa
272 521 337 582 veri
355 532 413 583 -et
430 524 596 585 necessarii
624 561 635 570 -
658 524 781 586 habens
797 524 993 586 evidentiam
1009 544 1052 585 ex
1070 544 1126 585 ne-

152 626 297 689 cessario
325 629 414 709 prius
456 630 641 693 evidente·
662 632 826 713 applicato
851 630 893 693 ad
924 631 1041 693 scitum
1066 651 1124 712 per

158 734 341 796 discursum
366 736 613 819 syllogisticum.

226 836 368 908 Prin-ra
398 840 539 909 condit'
508 845 558 911 tro
584 840 784 929 probatur:
807 841 881 925 perf
866 829 948 906 secta
979 844 1126 924 operatio

161 946 341 1011 intellectus
364 958 412 1011 cst
435 950 579 1031 cognitio
607 960 695 1013 certa
662 952 790 1024 ta;sed
819 950 952 1013 scientia
979 960 1027 1011 est
1056 970 1127 1031 per-

158 1052 245 1115 fecta
268 1057 412 1137 operatio
437 1056 629 1131 intellectus;
661 1078 741 1140 ergo
771 1068 820 1120 est
851 1057 995 1139 cognitio
1026 1068 1124 1118 certa.

167 1157 441 1245 Confirmaturex
453 1162 482 1225 6.
499 1162 607 1226 Ettz'c.
627 1165 681 1226 ubi
698 1166 827 1227 dicitur:
845 1164 929 1226 circa
945 1164 1124 1237 scientiam,

161 1268 276 1348 inquit,
301 1278 429 1349 oportet
452 1269 618 1332 certificari
642 1282 675 1333 et
698 1292 764 1333 non
781 1272 871 1352 sequi
888 1270 1123 1333 similitudines

229 1369 292 1441 Er
314 1371 386 1443 hac
407 1373 618 1444 conditione
645 1378 789 1459 sequitur
808 1374 985 1460 secunda,
1006 1376 1127 1440 scilicet

159 1482 251 1563 quod
275 1482 407 1545 scientia
431 1494 478 1546 est
502 1484 619 1566 objecti
645 1484 828 1557 necessarii,
852 1483 929 1565 quia
952 1484 1029 1545 alias
1058 1504 1124 1545 non

158 1599 244 1650 essct
268 1590 412 1671 cognitio
435 1602 543 1663 certa,·
561 1612 636 1653 nam
655 1601 783 1654 mutato
799 1590 929 1671 objecto
946 1600 1127 1652 mutaretur

162 1694 307 1757 scientia:
334 1695 407 1759 hinc
431 1697 476 1759 ait
500 1698 717 1779 Philosophus
733 1718 764 1783 7.
781 1696 928 1780 riletaplr.
945 1698 1035 1778 quod
1056 1718 1128 1778 par-

160 1802 344 1864 ticularium
370 1815 506 1867 nonest
531 1806 671 1867 scientia.
702 1806 746 1867 Et
778 1805 902 1867 Tullius
929 1805 960 1867 6.
993 1802 1126 1866 thetor.

161 1908 206 1970 ait
229 1909 289 1970 sic:
315 1908 440 1973 Omnes
463 1911 549 1973 enirn
575 1912 778 1994 suspicamur
801 1912 891 1993 quod
915 1912 1035 1973 scimus
1059 1931 1126 1973 non

160 2014 352 2097 contingere
375 2017 465 2079 aliter
488 2038 521 2079 se
550 2018 683 2080 habere:
704 2018 925 2100 contingentia
942 2028 1051 2079 autem
1073 2017 1128 2079 ali-

159 2131 210 2183 ter
245 2142 321 2183 cum
356 2134 450 2185 extra
485 2125 641 2205 speculari
675 2124 754 2187 fiant
785 2126 895 2196 latent,
927 2146 969 2185 ex
994 2124 1130 2186 necessi-

161 2238 229 2291 tate
252 2249 332 2311 ergo
355 2239 404 2291 est
427 2230 545 2293 scibile.

234 2330 356 2403 Terll‘ct
384 2334 545 2405 conditio
577 2349 676 2420 putet,
701 2360 742 2399 cx
766 2357 795 2401 1.
820 2338 907 2400 Post.
939 2338 1015 2418 quia
1044 2336 1130 2417 prin-

160 2442 246 2524 cipia
277 2446 507 2525 cognoscimus
547 2446 742 2527 inquantum
773 2445 930 2507 terminos
961 2444 1129 2525 cognosci-

164 2569 251 2623 mus;
284 2559 317 2611 et
348 2570 404 2632 per
429 2552 521 2613 istam
546 2552 766 2614 conditionem
792 2551 1000 2632 distinguitur
1029 2550 1131 2611 scien-

163 2654 207 2717 tia
236 2656 278 2718 ab
307 2657 468 2720 intellectu
495 2659 738 2741 principiorum,
762 2680 804 2721 cx
826 2659 856 2721 6.
883 2657 992 2721 Etlrz'c.

234 2758 384 2847 Quarta
408 2762 570 2832 conditio
602 2785 667 2826 non
698 2777 746 2828 est
778 2786 834 2847 per
865 2786 899 2827 se
930 2767 970 2827 de
1005 2763 1129 2825 ratione

160 2870 316 2941 scientiae,
348 2872 403 2933 sed
435 2882 563 2933 tantum
596 2872 738 2933 scientiae
770 2871 966 2953 imperfecte.
998 2882 1030 2933 et
1062 2891 1130 2932 non

158 2978 320 3059 competit
336 2978 476 3040 scientiae
502 2980 558 3040 nisi
585 2980 616 3040 in
646 2979 699 3040 illo
731 2980 891 3041 intellectu
925 2980 975 3040 cui
1007 2978 1132 3039 contin-

163 3084 211 3165 git
234 3084 411 3146 discurrere
434 3096 466 3147 et
491 3086 664 3166 procedere
687 3106 706 3146 a
731 3095 809 3147 noto
833 3086 873 3146 ad
900 3086 1060 3166 ignotum.

231 3190 286 3252 Ex
311 3190 360 3253 his
383 3192 424 3253 ad
442 3192 660 3273 propositum:
679 3203 839 3273 quantum
861 3193 903 3254 ad
925 3204 988 3253 tres
999 3192 1131 3271 primas

159 3298 368 3370 conditiones,
393 3298 574 3380 Theologia
599 3300 629 3361 in
643 3309 722 3360 sect
735 3299 765 3359 in
780 3299 941 3360 intellectu
960 3299 1071 3359 divino
1097 3308 1130 3360 et

164 3404 334 3467 beatorum
359 3413 408 3467 est
431 3425 505 3466 vera
534 3406 676 3467 scientia.
706 3405 771 3469 Sed
803 3406 843 3467 de
874 3417 993 3487 quarta
1024 3406 1133 3466 condi-

165 3512 249 3573 tione
286 3522 334 3574 est
373 3512 509 3573 dubium
542 3512 567 3573 si
600 3512 630 3575 in
668 3514 829 3575 intellectu
874 3514 1045 3575 beatorum
1082 3520 1132 3574 est

161 3618 305 3681 scientia.
331 3618 375 3681 Et
399 3618 515 3681 dicitur
538 3620 626 3701 qnod
645 3620 702 3692 sr'c,
735 3620 812 3701 quia
836 3620 908 3681 licet
933 3620 974 3681 ibi
1000 3640 1065 3681 non
1090 3619 1132 3681 sit
