2684 4209
227 126 291 189 226
492 126 567 189 Lus.
592 125 607 188 Ι
631 126 922 190 Sauraurrnuun

151 404 154 413 .
203 342 267 397 test
289 331 446 415 assignari
468 352 512 395 ex
536 340 627 414 parte
655 331 717 395 Dei
748 332 826 415 quia
856 341 905 395 est
935 332 1165 408 immutabilis;

203 461 283 523 ergo
306 449 354 503 est
377 458 420 502 ex
444 449 536 521 parte
558 439 747 521 peccatoris.
772 438 838 503 Sed
862 438 926 501 hoc
948 459 1014 502 non
1045 447 1095 501 est
1118 460 1167 502 ra·

204 548 294 610 tione
310 546 384 609 fidei
408 566 468 609 nec
483 546 569 628 spei;
592 566 673 629 ergo
688 554 737 608 est
753 546 876 609 ratione
892 545 1058 609 charitatis
1080 566 1167 609 crea-

203 664 247 718 tae
263 674 338 736 quae
353 674 439 715 nunc
451 653 533 715 inest
545 662 578 716 et
594 653 683 735 prius
698 673 764 715 non
777 652 966 716 inbaerebat.
988 654 1072 716 Dico
1087 674 1172 737 ergo

204 762 296 844 quod
319 769 450 842 oportet
473 780 594 842 ponere
617 758 808 823 charitatem
832 768 975 822 creatam
999 760 1031 821 in
1057 760 1170 822 anima

206 879 243 931 ut
266 865 476 941 beatificetur,
507 876 540 929 et
570 866 634 930 hoc
664 867 706 929 de
736 866 881 949 potentia
914 866 975 929 Dei
1007 867 1168 939 ordinata,

204 995 270 1037 non
295 974 454 1049 absoluta,
479 974 556 1056 quia
580 974 621 1037 de
644 973 700 1036 tali
724 974 869 1055 potentia
893 972 985 1035 Deus
1008 983 1118 1055 posset
1131 994 1169 1036 a·

205 1082 326 1164 liquem
352 1081 475 1143 salvare
498 1081 567 1143 sine
590 1079 704 1143 habitu
729 1079 893 1143 charitatis
915 1078 1031 1143 infuso.

271 1295 337 1363 Be
365 1295 495 1361 tertio
525 1292 735 1370 Artt'culo,
766 1294 815 1359 ad
833 1296 985 1376 primum
1016 1315 1077 1377 pro
1100 1294 1170 1376 opi·

205 1404 301 1466 nione
324 1402 473 1484 Magistri
497 1411 634 1486 negetur
656 1402 772 1484 major,
796 1402 874 1484 quia
905 1401 1034 1466 habitus
1055 1401 1168 1483 acqui-

203 1511 284 1573 situs
306 1518 523 1592 aggeneratur
552 1529 609 1591 per
640 1506 823 1591 frequenter
854 1530 951 1591 agere
981 1516 1018 1571 ut
1048 1508 1168 1591 probat

196 1616 423 1701 ¹Philosophus
446 1616 481 1679 in
499 1614 665 1697 principio
687 1634 718 1679 a.
744 1614 855 1678 Ethic.
880 1616 959 1678 Ideo
983 1615 1098 1678 dicitur
1121 1614 1165 1677 ibi

203 1725 294 1806 quod
317 1724 448 1807 signum
476 1722 664 1806 aggenerati
696 1721 826 1785 habitus
856 1730 906 1785 est
935 1721 1167 1784 delectabiliter

203 1830 339 1913 operari,
364 1829 495 1893 habitus
517 1839 628 1892 autem
660 1828 784 1892 infusus
815 1849 882 1891 nou
912 1828 957 1890 sic
988 1827 1167 1911 acquiritur

206 1959 263 2020 per
286 1936 469 2019 frequenter
493 1956 598 2019 agere.

269 2046 328 2107 Ad
347 2044 522 2108 secrmdum
547 2052 684 2125 negetur
710 2042 827 2116 minor,
852 2052 889 2105 ut
923 2041 1094 2105 necessitas
1117 2063 1167 2105 re-

204 2152 298 2235 spicit
322 2151 504 2234 potentiam
528 2150 591 2212 Dei
615 2150 808 2212 ordinatam.
833 2149 946 2211 -Et
979 2149 1022 2210 ad
1046 2148 1166 2229 proba-

204 2259 321 2321 tionem
357 2278 433 2321 cum
469 2257 585 2319 dicitur
620 2257 710 2340 quod
745 2256 897 2318 voluntas
931 2265 1038 2337 potest
1064 2276 1108 2317 ex
1130 2276 1167 2317 sc

205 2364 326 2427 moveri
351 2365 392 2426 ad
417 2363 618 2445 diligendum
650 2363 775 2426 bonum
799 2362 867 2424 sine
901 2361 1067 2435 charitate,
1090 2361 1166 2424 dico

204 2472 294 2555 quod
318 2491 431 2533 verum
456 2480 504 2533 est
527 2471 568 2532 de
591 2470 762 2532 dilectione
778 2468 925 2542 naturali,
942 2469 999 2531 sed
1022 2488 1088 2530 non
1115 2478 1165 2529 est

203 2598 318 2641 verum
343 2579 383 2641 de
395 2578 566 2640 dilectione
584 2576 746 2639 meritoria
762 2597 837 2657 quae
851 2574 1076 2658 praesupponit
1091 2573 1166 2637 cha-

203 2685 331 2748 ritatem
356 2694 508 2759 creatam,
533 2684 617 2746 sicut
639 2704 737 2767 agere
759 2682 984 2765 praesupponit
1010 2702 1088 2743 esse.

270 2792 329 2854 Ad
350 2792 483 2854 tertium
499 2791 573 2853 dico
597 2791 687 2872 quod
703 2790 810 2873 major
824 2798 873 2851 est
888 2807 964 2851 vera
986 2788 1028 2851 de
1051 2787 1163 2849 habitu

204 2898 362 2981 acquisito
386 2918 443 2979 per
471 2896 653 2979 frequenter
688 2916 794 2979 agere;
819 2896 876 2957 sed
910 2915 976 2957 non
1007 2903 1055 2956 est
1089 2914 1165 2955 vera

205 3007 246 3068 de
270 3005 381 3068 habitu
406 3004 512 3067 infuso
534 3004 617 3066 sicut
640 3011 690 3065 est
712 3002 860 3065 charitas.

270 3112 329 3174 Ad
359 3121 512 3193 quartum
548 3110 694 3173 concedo
728 3109 817 3191 quod
853 3107 992 3189 Spiritus
1026 3106 1166 3171 Sanctus

205 3227 315 3300 posset
337 3216 525 3280 immediate
559 3236 692 3279 causare
725 3224 836 3279 actum
872 3213 1083 3291 meritorium;
1107 3214 1166 3275 sed

204 3336 284 3387 tunc
307 3325 379 3388 talis
401 3334 493 3388 actus
520 3345 586 3387 non
620 3332 704 3387 esset
726 3322 759 3385 in
794 3330 955 3405 potestate
988 3330 1108 3394 nostra,
1131 3330 1166 3382 et

205 3432 282 3495 ideo
301 3433 343 3495 de
365 3431 511 3515 potentia
534 3430 596 3495 Dei
619 3431 769 3493 ordinata
791 3438 840 3493 est
863 3427 996 3503 factum,
1021 3436 1058 3491 ut
1080 3447 1167 3510 prae-

204 3547 408 3621 supponatur
431 3537 570 3601 charitas
594 3546 711 3601 creata.
