2684 4209
236 272 424 334 Drsnucr.
450 272 540 346 XIV,
566 272 631 334 XV
655 283 688 335 et
711 272 793 336 XVI
817 271 964 354 Qvnsr.
988 275 1003 336 Ι
1055 286 1116 353 215

248 476 393 539 Seceendo
416 478 477 539 sic:
503 476 594 541 Sicut
617 498 651 539 se
674 476 773 540 habet
789 478 951 559 processio
966 477 1073 540 activa
1096 479 1141 540 ad

181 583 368 646 relationem
381 584 623 646 constitutivam
637 583 719 657 Filii,
733 584 777 645 ita
799 604 834 646 se
857 583 955 646 habet
980 585 1143 666 processio

180 691 307 773 passiva
331 691 373 752 ad
397 691 584 753 relationem
601 691 843 753 constitutivam
858 691 996 772 Spiritus
1013 690 1141 765 Sancti;

180 798 237 859 sed
261 797 303 859 ibi
338 806 386 859 est
421 797 598 859 differentia
633 797 741 872 realis;
766 818 846 879 ergo
879 806 912 859 et
943 797 1004 859 hic.
1028 798 1147 860 Minor

181 904 347 986 probatur,
371 904 447 985 quia
471 904 632 985 processio
655 904 761 967 activa
784 904 943 985 reperitur
966 906 1034 967 sine
1069 905 1147 967 rela-

181 1010 268 1073 tione
291 1010 499 1072 constitutiva
523 1010 605 1083 Filii,
629 1011 706 1092 quia
729 1020 778 1073 est
801 1011 834 1073 in
858 1012 962 1073 Patre.

248 1113 339 1183 Alia
351 1115 479 1202 Opinio
495 1118 572 1180 dicit
588 1118 789 1199 oppositum,
802 1119 893 1200 quod
910 1119 1066 1200 probatur
1082 1119 1144 1181 sic:

247 1224 384 1287 Primo:
410 1224 515 1287 Unius
539 1225 697 1307 suppositi
721 1224 909 1306 simpliciter
931 1226 974 1287 ad
1005 1226 1145 1287 alterum

182 1352 247 1393 non
282 1339 330 1392 est
365 1330 423 1392 nisi
459 1331 553 1393 unica
588 1332 700 1393 relatio
739 1331 888 1414 originis;
912 1333 970 1393 sed
1006 1331 1147 1414 Spiritus

182 1436 321 1501 Sanctus
344 1446 392 1499 est
416 1457 518 1499 unum
550 1438 758 1519 suppositum
794 1437 952 1519 simplex;
977 1459 1056 1521 ergo
1079 1459 1145 1500 non

182 1542 315 1607 refertur
338 1545 380 1606 ad
404 1544 536 1605 Patrem·
556 1544 606 1606 vel
631 1545 673 1606 ad
709 1545 839 1618 Filium,
875 1544 934 1607 nisi
972 1545 1067 1607 unica
1101 1566 1146 1607 re-

183 1650 301 1713 latione
336 1651 476 1733 originis.
517 1648 580 1714 Sed
609 1649 743 1713 refertur
778 1652 820 1713 ab
854 1653 910 1713 eos
941 1651 1146 1732 processione

181 1758 308 1839 passiva
331 1766 363 1819 et
387 1757 540 1819 relatione
563 1757 791 1834 constitutiva;
815 1778 895 1839 ergo
930 1757 1002 1819 haec
1026 1766 1058 1819 et
1092 1758 1147 1820 illa

181 1872 257 1927 sunt
281 1884 346 1926 una
370 1864 480 1925 relatio
504 1864 638 1926 realiter.

250 1970 395 2033 Secmrdo
418 1970 477 2033 sic:
502 1970 536 2034 Si
564 1971 697 2052 spiratio
732 1971 859 2051 passiva
894 1970 1146 2053 distingueretur

182 2097 200 2139 a
225 2076 377 2139 relatione
411 2076 620 2139 constitutiva
652 2077 790 2159 Spiritus
825 2076 949 2152 Sancti;
979 2098 1058 2159 ergo
1094 2076 1146 2139 illa

182 2184 294 2247 relatio
317 2182 537 2265 superflueret,
562 2184 651 2265 quod
663 2191 712 2245 est
730 2183 967 2245 inconveniens.
993 2183 1146 2246 Probatio

181 2290 427 2371 consequentiae:
454 2289 571 2352 Omnis
595 2289 707 2352 relatio
736 2310 811 2371 quae
835 2289 966 2371 ponitur
1000 2289 1033 2351 in
1065 2290 1146 2351 divi-

182 2398 231 2459 nis
254 2406 303 2459 est
325 2396 535 2459 constitutiva
558 2398 608 2458 vel
632 2396 835 2472 distinctiva;
861 2396 914 2458 illa
937 2405 1047 2458 autem
1071 2416 1147 2478 pro-

182 2503 282 2566 cessio
306 2502 391 2566 facta
425 2502 600 2585 hypothesi
634 2503 713 2565 alias
760 2502 938 2585 hypostasi,
986 2523 1052 2566 non
1086 2502 1146 2564 erit

181 2610 390 2673 constitutiva
414 2630 474 2672 nec
497 2610 698 2686 distinctiva;
722 2630 811 2692 ergo.

250 2712 313 2784 Ad
337 2716 486 2798 primurn
510 2716 639 2779 alterius
673 2717 835 2798 opinionis
859 2724 996 2798 negetur
1023 2713 1145 2778 minor:

181 2824 332 2906 quamvis
355 2824 516 2905 processio
547 2832 783 2906 praesupponat
808 2823 1062 2904 generationem,
1080 2842 1146 2885 non

180 2942 291 2993 tamen
315 2930 477 2993 antecedit
500 2930 691 2993 relationem
726 2928 970 2992 constitutivam
1008 2928 1148 3011 Spiritus

182 3036 302 3111 Sancti,
326 3036 403 3119 quia
426 3046 504 3099 sunt
527 3036 623 3098 idem.

248 3144 307 3207 Ad
325 3144 500 3206 secundum
525 3152 660 3225 negetur
684 3144 801 3225 major,
826 3141 906 3223 quia
940 3141 1074 3222 spiratio
1097 3162 1148 3205 ac·

180 3251 247 3313 tiva
269 3250 361 3332 quasi
385 3250 561 3313 adventitia
579 3249 671 3323 Filio,
695 3258 729 3312 et
752 3268 817 3312 non
841 3248 1011 3312 constituit
1026 3248 1147 3331 ipsum,

180 3357 257 3439 quia
280 3366 329 3420 est
352 3356 536 3420 communis
552 3356 652 3431 Patri;
677 3356 734 3418 sed
750 3356 913 3438 processio
929 3354 1057 3438 passiva
1072 3374 1147 3418 con·

180 3462 284 3526 stituit
307 3463 466 3545 Spiritum
491 3463 662 3537 Sanctum,
694 3482 754 3525 nec
777 3471 826 3525 est
849 3461 908 3525 sibi
945 3461 1014 3524 ullo
1046 3460 1148 3524 modo

178 3570 368 3633 adventitia.
