2684 4209
206 195 268 271 248
444 193 519 255 Lus.
544 194 558 255 1
582 192 878 257 Snuruurninuu

252 396 381 461 Contra.
407 396 551 478 Quando
578 398 686 479 aliqua
709 399 776 460 duo
798 408 876 460 sunt
896 398 1007 460 inuno
1030 395 1143 459 indivi-

181 504 273 580 sibili,
297 514 355 567 aut
377 504 476 567 ambo
489 504 611 567 faciunt
624 524 737 579 unum,
754 514 810 566 aut
828 525 931 567 unum
944 504 1041 567 estin
1063 503 1141 579 alio;

180 611 237 674 sed
261 632 408 694 personae
431 612 550 675 divinae
581 612 714 674 suntin
744 610 881 673 essentia
911 621 1082 693 tamquam
1106 610 1139 672 in

180 717 290 799 aliquo
318 718 510 791 indivisibili,
542 726 574 782 et
598 738 663 781 non
696 716 952 791 faciuntunum,
972 738 1053 799 ergo
1076 737 1142 778 una

181 844 319 906 persona
341 834 389 887 est
413 825 446 888 in
472 824 543 887 alia.

270 930 385 996 Cinci
400 945 512 995 isnin
526 944 776 1008 QuAEsriouEu
799 932 924 1014 aliquid
939 941 988 994 est
1004 940 1144 1005 certum,

180 1048 212 1100 et
235 1038 357 1121 aliquid
379 1047 428 1101 est
452 1038 598 1101 dubium.
629 1036 761 1103 Certum
784 1049 833 1101 est
856 1038 942 1101 enim
962 1038 1052 1119 quod
1076 1058 1141 1099 una

181 1165 319 1226 persona
349 1154 397 1207 est
425 1145 457 1207 in
488 1145 559 1219 alia,
592 1146 675 1208 sicut
705 1155 803 1227 patet.
826 1165 884 1227 per
915 1144 1142 1206 auctoritatem

181 1249 357 1314 Salvatoris
384 1250 480 1315 Joan.
513 1270 583 1335 14.:
619 1252 694 1334 Ego
730 1252 762 1314 in
794 1252 889 1314 Patre
919 1260 952 1313 et
982 1251 1076 1313 Pater
1108 1249 1141 1311 in

181 1377 234 1419 me
256 1367 321 1439 est;
345 1367 377 1421 et
401 1378 458 1439 per
482 1358 754 1440 Augustinumin
779 1358 850 1420 Lib.
871 1358 911 1419 de
924 1357 997 1440 fido
1018 1357 1066 1418 ad
1078 1355 1137 1418 Pe-

181 1472 290 1537 trum,·
314 1474 347 1527 et
370 1485 427 1546 per
452 1464 610 1526 Hilarium
631 1483 665 1545 3.
690 1465 729 1527 dc
766 1464 882 1537 Trin.,·
913 1474 946 1526 et
970 1484 1027 1545 per
1058 1462 1142 1524 Am·

92 1568 99 1580 '
181 1570 325 1633 brosium
349 1571 380 1634 in
404 1590 435 1633 2.
454 1572 558 1652 Epist.
575 1572 624 1633 ad
648 1569 809 1646 Corinth„
833 1572 916 1633 sicut
931 1570 1049 1653 allegat
1068 1569 1139 1631 Ma-

181 1676 280 1759 gister
304 1678 335 1739 in
360 1678 458 1739 litera.
485 1677 549 1740 Sed
572 1678 707 1740 dicbinm
731 1687 780 1740 est
803 1678 844 1740 de
860 1677 960 1739 modo
984 1697 1050 1758 quo
1076 1696 1142 1738 una

181 1803 319 1865 persona
342 1794 389 1846 est
414 1788 444 1845 in
468 1784 539 1846 alia.
566 1783 610 1845 Et
632 1785 717 1847 circa
741 1784 802 1845 hoc
826 1793 902 1846 sunt
932 1784 1005 1845 duce
1020 1782 1141 1864 opim'o-

181 1909 243 1951 nes.

255 2102 351 2169 Una
374 2102 562 2169 Heitrioi'
582 2104 612 2166 in
635 2102 1031 2185 Sum.a.55.q.10.quae
1047 2101 1135 2175 dicit;

180 2209 269 2291 quod
286 2210 407 2291 aliquid
431 2231 499 2272 esse
524 2210 554 2271 in
579 2211 641 2272 alio
666 2219 773 2291 potest
797 2209 929 2290 intelligi
958 2207 1137 2289 dupliciter.

181 2316 258 2379 Uno
284 2317 383 2378 modo
414 2317 503 2398 qnod
527 2318 566 2378 sit
598 2317 629 2379 in
653 2318 716 2379 alio
747 2317 927 2379 secundum
958 2336 992 2377 se
1015 2323 1137 2387 totum;

179 2423 242 2485 alio
268 2424 367 2485 modo
400 2424 489 2505 quod
513 2424 553 2484 sit
585 2424 615 2484 in
640 2424 703 2485 alio
734 2424 915 2485 secundum
947 2431 1081 2502 partem,
1105 2430 1141 2481 et

180 2529 242 2592 hoc
266 2530 451 2611 dupliciter:
478 2550 553 2591 narn
578 2530 699 2611 aliquid
724 2539 831 2611 potest
853 2549 921 2590 esse
945 2530 976 2589 in
1008 2528 1070 2588 alio
1094 2548 1140 2588 se-

180 2638 324 2699 cundum
354 2647 479 2718 partem
514 2638 558 2698 ita
588 2637 679 2717 quod
710 2658 783 2718 pars
807 2636 858 2697 illa
889 2636 967 2697 nihil
995 2635 1037 2696 sit
1066 2634 1137 2713 ejus

179 2744 210 2804 in
234 2764 301 2823 quo
323 2752 381 2816 est,
405 2744 489 2806 sicut
513 2744 580 2805 avis
603 2752 652 2805 est
676 2743 707 2804 in
733 2742 847 2823 laqueo
871 2763 928 2822 per
941 2742 1057 2823 pedem
1078 2740 1133 2821 qui

179 2871 235 2931 pes
259 2849 336 2911 nihil
360 2860 408 2912 est
439 2850 538 2931 ipsius
571 2850 694 2931 laquei;
719 2849 782 2911 alio
814 2849 914 2910 modo
945 2847 1065 2929 aliquid
1088 2855 1138 2907 est

178 2957 210 3021 in
235 2957 297 3018 alio
321 2957 500 3018 secundum
526 2964 650 3038 partem
676 2956 720 3016 ita
736 2955 825 3036 quod
842 2976 916 3036 pars
938 2964 988 3016 est
1014 2953 1135 3033 aliquid

177 3063 247 3143 ejus
271 3064 303 3124 in
327 3083 393 3144 quo
417 3071 474 3135 est,
500 3063 583 3124 sicut
606 3062 630 3123 si
655 3071 761 3123 essent
784 3062 851 3123 duo
879 3081 1016 3142 corpora
1046 3080 1138 3121 mon-

178 3178 303 3231 struosa
331 3189 406 3250 qum
431 3167 587 3230 haberent
618 3189 720 3229 unum
747 3168 863 3249 pedem
895 3176 1037 3240 tantum,.
1058 3175 1139 3227 tunc

179 3296 281 3354 unum
305 3296 423 3357 corpus
446 3285 530 3338 esset
553 3276 585 3336 in
609 3276 673 3337 alio
696 3295 753 3356 per
776 3274 897 3355 aliquid
922 3273 1004 3335 illius
1023 3294 1138 3354 corpo

180 3382 220 3443 ris
243 3382 275 3443 in
300 3402 366 3463 quo
389 3392 446 3455 est,
472 3391 552 3463 puta
576 3402 632 3463 per
657 3382 774 3463 pedem
798 3380 854 3462 qui
882 3389 930 3442 est
953 3380 1139 3442 communis

179 3488 238 3550 illis
261 3489 452 3570 corporibus

242 3590 305 3661 Ad
319 3596 517 3676 propositum
542 3596 619 3657 dicit
655 3594 780 3657 Doctor
808 3594 866 3656 iste
893 3594 974 3655 duas
998 3592 1145 3657 Conclu-
