2684 4209
246 305 308 350 roo
502 288 575 351 Lus.
601 289 615 350 Ι
640 288 935 352 seuseurnruu

219 493 397 555 virtualiter
421 493 453 555 in
477 515 516 556 eo
541 504 657 576 partes
684 504 720 556 ut
743 515 862 576 corpus
885 503 918 556 et
941 495 1064 574 anima;
1088 504 1121 557 et
1144 496 1185 556 si-

221 600 336 662 militer
360 601 401 662 de
424 609 495 663 toto
520 602 691 663 universali
714 611 746 662 et
770 610 842 663 toto
865 601 1034 662 essentiali.

290 705 414 781 Quarto
437 717 485 769 est
501 709 694 780 notandum,
711 708 801 789 quod
822 708 910 769 aliud
925 718 975 770 est
994 708 1177 789 confusum,

218 813 306 875 aliud
329 822 378 876 est
400 814 552 895 confuse,·
577 814 665 877 aliud
693 824 741 877 est
772 814 975 887 distinctmn,
1010 815 1098 877 aliud
1130 815 1185 876 di-

219 920 333 982 slimte
356 921 542 1002 intelligere.
573 919 751 1002 Confusam
772 921 859 983 enirn
875 942 909 983 se
925 929 1014 983 tenet
1029 943 1072 982 ex
1088 929 1183 1002 parte

220 1026 348 1106 objecti,
372 1027 458 1088 unde
473 1026 644 1090 confusum
661 1027 749 1089 idem
765 1027 918 1109 estquod
936 1028 1184 1100 indiminutum·

219 1133 349 1214 confuse
372 1143 481 1196 autern
506 1143 538 1196 et
561 1134 713 1197 distincte
736 1154 770 1196 se
785 1144 897 1198 tenent
912 1156 955 1196 ex
973 1143 1064 1215 parte
1079 1144 1183 1208 actus,

220 1241 307 1301 unde
329 1241 459 1322 confuse
482 1241 663 1322 concipitur
680 1242 801 1322 aliquid
819 1261 894 1304 curn
912 1241 1107 1322 exprimitur
1125 1262 1185 1322 per

223 1367 353 1419 nomen,
377 1347 528 1409 distincte
551 1343 660 1411 autern
685 1369 761 1410 curn
778 1349 959 1430 concipitur
976 1349 1058 1409 sicut
1074 1348 1181 1429 expri-

224 1453 322 1514 mitur
353 1473 410 1534 per
441 1452 672 1528 definitionem,
705 1465 742 1517 ut
773 1464 863 1537 patet
894 1456 925 1515 in
957 1455 1087 1536 Prolog.
1126 1453 1185 1516 lib.

222 1557 354 1640 Plrysic.

294 1664 414 1742 Qrtinto
437 1678 485 1730 est
509 1668 691 1729 notandum
715 1668 804 1749 quod
828 1666 910 1729 alius
932 1677 981 1728 est
1004 1677 1185 1748 conceptus

219 1774 414 1854 simpliciter
434 1775 585 1855 simplex,
606 1775 687 1836 alius
699 1783 747 1836 est
763 1783 942 1855 conceptus
965 1773 1105 1854 simplex
1121 1774 1177 1835 sed

221 1899 287 1941 non
311 1881 503 1961 simpliciter
525 1881 675 1962 simplex.
701 1880 889 1962 Conceptus
913 1880 1000 1942 enirn
1023 1879 1184 1961 simplici-

223 1996 271 2048 ter
292 1987 433 2068 simplex
455 1997 503 2050 est
526 1989 578 2050 ille
601 1988 657 2069 qui
682 2007 746 2050 non
770 1998 820 2049 est
843 1987 1022 2049 resolubilis
1046 1987 1078 2048 in
1111 1988 1181 2067 plu-

224 2113 272 2154 res
296 2103 482 2174 conceptus
508 2095 590 2156 sicut
613 2103 791 2175 conceptus
814 2095 896 2156 entis
913 2095 962 2155 vel
980 2094 1105 2155 ultimae
1122 2091 1188 2154 dif-

223 2197 376 2262 ferentiae.
403 2200 589 2282 Conceptus
613 2221 689 2262 vero
712 2200 863 2281 simplex,
891 2201 1036 2263 sednon
1061 2198 1185 2279 simpli-

221 2306 301 2367 citer
322 2306 473 2387 simplex,
501 2316 549 2368 est
573 2306 623 2368 ille
646 2307 702 2388 qui
727 2316 834 2388 potest
857 2307 984 2387 concipi
1009 2327 1076 2368 uno
1108 2315 1184 2368 actu

224 2413 377 2493 simplicis
400 2413 631 2494 intelligentiae,
657 2413 730 2476 licet
753 2415 855 2495 possit
878 2413 993 2475 resolvi
1017 2414 1049 2473 in
1074 2412 1185 2493 plures

224 2529 401 2600 conceptus
418 2539 563 2582 seorsum
580 2519 820 2601 conceptibiles,
837 2520 921 2582 sicut
936 2529 1114 2601 conceptus
1131 2519 1191 2580 ho-

225 2625 507 2706 minis—Juxta
532 2626 593 2699 illa,
618 2627 737 2688 omissa
768 2627 874 2708 prima
904 2626 1092 2708 cognitione
1124 2624 1189 2705 pri-

225 2731 337 2795 mitate
359 2733 607 2813 adequatiom's,
635 2734 712 2814 quia
736 2732 808 2795 haec
840 2733 946 2814 patuit
976 2754 1020 2795 ex
1044 2744 1185 2816 proecea.

224 2849 353 2920 quest,
378 2839 452 2902 dico
475 2840 516 2901 ad
541 2839 631 2901 illurn
664 2839 853 2902 Articulum
877 2840 1019 2921 quinque
1053 2839 1190 2905 Conclu-

224 2945 337 3008 sioues.

291 3047 433 3118 Prema
456 3054 514 3118 est
534 3049 606 3118 ista
629 3052 720 3133 quod
744 3053 888 3134 primum
911 3052 1084 3135 cognitum
1113 3053 1188 3134 pri-

226 3158 338 3220 mitate
360 3157 501 3241 originis
524 3158 712 3240 cognitione
734 3159 861 3222 actuali
881 3161 1017 3242 consina
1045 3139 1094 3222 est
1116 3180 1187 3241 spe-

225 3265 289 3327 cies
312 3265 549 3345 specialissima,
574 3265 667 3346 cujus
691 3266 855 3347 singulare
878 3266 1039 3329 efficacius
1074 3276 1188 3328 movet

226 3371 333 3453 prirno
357 3393 497 3445 sensum,
523 3374 739 3454 supponendo
764 3373 853 3454 quod
878 3373 1040 3454 singulare
1064 3393 1129 3434 non
1144 3373 1190 3434 in—

226 3477 380 3559 telligitur
394 3479 540 3560 proprie;
553 3501 628 3560 quae
647 3479 822 3542 Conclusio
828 3480 987 3560 probelur
1003 3479 1061 3540 sic:
1080 3477 1190 3542 Causa

227 3584 381 3647 naturalis
404 3584 473 3666 agit
496 3586 676 3648 secundum
701 3586 854 3648 ultimum
879 3586 1033 3667 potentiae
1058 3607 1126 3647 suae
1155 3587 1189 3648 in

227 3690 451 3773 perfectiorem
475 3691 625 3754 eflectum
651 3712 749 3773 quern
774 3701 896 3774 potest;
928 3692 984 3754 sed
1019 3712 1133 3753 omnes
1170 3693 1193 3752 i-
