2684 4209
248 252 285 313 18
466 250 539 311 Lru.
565 250 576 310 l
603 248 897 311 Ssursxrnnun
979 246 988 263 ’

235 370 321 376 -η
512 368 520 374 -
725 365 1178 373 ,ᾑ--η---ῂ-ᾞ-ᾑ-

221 455 331 517 omnia
355 475 430 535 quae
455 462 664 535 repraesentat
689 454 868 515 necessario
892 461 1135 533 cognoscuntur
1152 452 1184 513 in
1221 456 1231 475 ⁸

221 582 271 624 eo,
296 562 372 623 lilio
397 563 495 634 modu,
522 571 558 622 ut
581 562 747 641 objectum
780 561 948 642 cognitum
981 569 1120 626 tanturn.
1153 569 1186 621 et

224 668 269 729 sie
301 689 365 730 non
406 678 535 749 oportet
574 688 772 749 cognoscere
810 676 1040 747 repraesentata
1073 667 1103 727 in
1134 687 1184 727 e0.

224 774 341 837 Primo
365 776 455 837 modu
483 774 573 836 Deus
598 786 662 835 non
688 783 735 835 est
752 774 935 853 subjectum
953 773 984 834 in
1006 773 1187 854 Theologia

225 892 343 955 nostra,
370 882 426 943 sed
457 882 595 943 secundo
620 882 719 942 modo.
745 881 850 942 Aliter
874 890 982 961 potest
1004 881 1066 942 dici
1096 880 1186 961 quod

224 988 404 1069 Tlreologia
432 988 467 1049 in
496 1009 528 1049 se
560 997 595 1049 nt
627 986 724 1049 habet
756 1008 816 1068 pro
846 987 975 1066 objecto
1011 988 1187 1067 adaequato

230 1094 339 1157 Deum
366 1095 560 1175 inquantum
580 1094 679 1160 Deus.
696 1094 878 1156 considerat
894 1095 1003 1154 ornnia
1019 1114 1093 1174 quae
1111 1102 1188 1154 sunt

224 1212 257 1263 et
268 1222 337 1263 esse
350 1212 495 1283 possunt.
518 1200 726 1281 Augustinus
746 1211 855 1261 antem
870 1201 1010 1281 loquitur
1027 1201 1067 1261 de
1083 1199 1189 1261 'l'heo

226 1309 311 1389 logia
336 1318 454 1371 nostra.
892 1286 896 1293 ¹

293 1523 364 1587 Ad
384 1522 562 1587 lerr‘ae‘mn
581 1523 830 1587 Arle'eulmn
848 1524 920 1583 dico
937 1534 1000 1585 tres
1015 1522 1190 1583 conclusio-

228 1652 291 1691 nes.
317 1630 446 1703 Prima,
494 1631 583 1711 qnod
609 1631 792 1710 subjectum
824 1630 1015 1711 Theologiae
1049 1649 1189 1690 necessa-

227 1738 351 1798 riorum
377 1738 411 1798 in
435 1757 477 1805 sc,
506 1747 553 1797 est
570 1736 659 1797 Deus
672 1738 732 1797 sub
747 1737 871 1798 ratione
884 1737 1020 1797 deitatis.
1040 1736 1189 1797 Secunda

227 1844 394 1915 conclusio,
420 1844 508 1923 qnod
527 1843 710 1923 subjectum
727 1844 916 1925 Tlreologiae
932 1843 1189 1923 contingentium

228 1950 264 2012 iu
287 1970 319 2011 sc
363 1960 411 2011 est
435 1950 544 2010 diuina
568 1950 714 2011 essentia.
746 1951 864 2019 Tertia,
892 1951 981 2030 qnod
1005 1950 1189 2028 subjectum

229 2056 420 2137 Tlreologiae
446 2056 480 2117 in
507 2056 596 2117 nubis
619 2067 667 2117 est
689 2076 746 2118 ens
770 2056 942 2118 infinitum.

296 2158 439 2229 Prr'rrzo
467 2158 665 2229 Conclusio
689 2164 848 2243 probatur
880 2164 938 2224 sic:
972 2164 1041 2225 Sub
1065 2163 1117 2223 itta
1141 2182 1191 2222 ra-

229 2270 317 2331 tione
342 2270 462 2349 aliquid
487 2280 535 2331 est
560 2270 743 2349 subjectum
768 2271 935 2351 proprium
967 2270 1103 2349 alicujus
1135 2268 1192 2329 ha-

229 2376 325 2447 bitns‚
350 2377 411 2437 sub
435 2396 500 2456 qna
524 2377 668 2438 continet
697 2398 810 2439 ornnes
841 2378 990 2438 veritates
1021 2377 1103 2437 illins
1135 2376 1192 2436 ha-

183 2487 185 2496 '
230 2482 330 2555 bitus;
370 2482 426 2543 sed
459 2482 549 2543 Deus
587 2484 647 2543 sub
677 2484 799 2545 ratione
829 2504 894 2564 qua
919 2484 1018 2551 Dens,
1048 2482 1197 2545 continet

230 2609 345 2650 omnes
358 2590 508 2650 veritates
523 2588 713 2671 Theologiae
732 2591 1003 2661 rrccesscrrr'orrmr,·
1013 2611 1092 2671 ergo
1103 2590 1193 2651 Deus

230 2695 292 2757 sub
316 2696 438 2757 ratione
462 2695 588 2756 deitatis
606 2718 669 2777 qna
689 2696 778 2757 Deus
794 2706 850 2770 est,
868 2708 916 2758 est
934 2698 974 2758 ibi
997 2697 1191 2776 subjectum.

232 2802 347 2885 Major
369 2812 469 2882 patet.
481 2822 522 2863 ex
541 2804 632 2865 tertio
643 2804 844 2884 preambulo
860 2804 954 2884 primi
972 2804 1105 2865 articuli.
1123 2804 1193 2863 Ml-

233 2930 293 2971 rror
315 2918 405 2989 patet
429 2928 470 2970 ex
496 2909 588 2971 dictis
612 2931 653 2972 ex
677 2911 814 2971 sermon
836 2895 983 2972 articulo.

301 3013 477 3082 Secunda
505 3014 697 3107 Cotttlttseb
721 3018 876 3098 probatur
893 3019 951 3079 sic:
970 3018 1052 3078 Illud
1069 3026 1117 3079 est
1134 3017 1193 3098 pri·

234 3123 372 3185 marium
405 3123 589 3202 subjectum
626 3124 815 3205 'l'heologiae
851 3125 1117 3205 contingentium,
1150 3124 1193 3185 ad

236 3230 326 3310 qnod
357 3230 507 3291 veritates
540 3231 765 3311 contingentes
797 3232 918 3293 habent
948 3233 1191 3293 attributionem

236 3338 398 3409 ultimarn3
424 3338 478 3398 sed
503 3337 581 3397 illud
606 3349 653 3399 est
678 3338 813 3399 essentia
838 3339 960 3410 divina,
985 3339 1145 3400 eridentia
1166 3359 1196 3399 e-

237 3443 303 3505 nirn
329 3443 598 3525 contingentium,
624 3465 689 3506 non
713 3455 761 3507 est
784 3467 826 3506 ex
852 3457 966 3507 natura
990 3446 1031 3507 rei
1065 3446 1120 3506 sed
1152 3465 1196 3507 ex

236 3550 408 3631 praesentia
432 3550 594 3620 intuitiua;
620 3552 760 3632 primunr
785 3562 894 3614 antem
920 3552 1064 3614 intuibile
1080 3561 1128 3614 est
1144 3573 1195 3613 es-

237 3656 339 3718 sentia
363 3656 473 3719 divina
497 3659 557 3719 sub
582 3659 704 3720 ratione
728 3659 868 3735 deitatis;
899 3680 987 3740 ergo,
