2684 4209
245 286 268 349 6
457 286 634 369 Quasmo
658 286 899 349 Paouaumcrs

228 491 353 554 sionem
377 492 631 555 substantiarum
661 500 884 574 separatarum
914 510 983 553 esse
1014 490 1108 553 nobis
1138 510 1192 553 ne-

230 598 401 661 cessariam
425 608 458 661 et
481 600 742 674 convenientem
767 619 846 680 ergo
869 607 930 660 etc.

296 702 438 790 Quinto
461 706 519 770 sic:
546 704 646 769 Omni
669 706 780 788 agenti
804 715 936 787 propter
959 703 1058 768 finem
1083 724 1192 767 neces-

230 812 311 875 saria
334 822 383 876 est
406 812 550 894 cognitio
572 813 710 895 qualiter
741 810 813 874 finis
844 812 1039 894 acquiratur,
1075 822 1108 873 et
1138 831 1192 872 eo

227 938 300 981 rum
324 939 399 1001 quae
424 920 630 1001 requiruntur
658 919 700 981 ad
731 919 994 981 consecutionem
1026 917 1075 980 sui
1105 916 1188 991 linis3

225 1026 282 1087 sed
306 1024 408 1088 homo
431 1025 499 1109 agit
523 1035 655 1108 propter
679 1024 788 1098 finem,
812 1036 846 1087 et
869 1045 934 1087 non
960 1025 1059 1087 habet
1079 1023 1191 1106 cogni-

225 1131 348 1194 tionem
387 1132 629 1214 praedictorum,
661 1132 738 1214 quia
774 1130 847 1194 finis
884 1132 981 1194 datur
1019 1142 1190 1213 tamquam

170 1318 174 1325 .
226 1238 400 1321 praemium
430 1260 489 1321 pro
521 1239 650 1314 meritis,
683 1260 759 1321 quae
792 1240 883 1301 Deus
913 1239 1011 1301 libere
1042 1245 1192 1320 acceptat

226 1355 397 1427 tamquam
422 1346 522 1428 digna
545 1347 611 1409 vita
635 1355 767 1409 aeterna.

300 1446 438 1520 Ultimo
468 1453 527 1515 sic:
561 1453 715 1535 Cognitio
746 1452 1001 1515 substantiarum
1033 1460 1193 1533 separata·

227 1578 300 1621 rum
338 1568 389 1621 est·
415 1558 613 1623 nobilissima
635 1581 678 1622 ex
700 1558 730 1623 6.
755 1558 920 1641 Metaplt.;
945 1580 1025 1641 ergo
1048 1558 1192 1641 cognitio

227 1685 343 1727 eorum
379 1686 454 1747 quae
478 1676 554 1730 sunt
576 1666 621 1729 eis
645 1667 776 1748 propria
799 1675 848 1728 est
865 1666 1009 1729 maxime
1025 1666 1118 1728 nobis
1141 1685 1194 1726 ne-

230 1772 381 1834 cessaria:
403 1773 460 1835 sed
484 1772 567 1835 hanc
585 1794 649 1835 non
675 1793 849 1854 possumus
881 1773 1001 1835 habere
1030 1792 1074 1834 ex
1105 1772 1194 1853 puris

229 1879 439 1953 naturalibus,
480 1880 557 1961 quia
600 1900 666 1942 non
709 1879 916 1942 continentur
946 1879 1123 1941 virtualiter
1161 1878 1194 1940 in

229 1984 336 2066 primo
357 1985 507 2066 subjecto
540 1986 789 2068 metaphysicae;
814 2007 894 2068 ergo
917 1996 978 2048 etc.

297 2086 345 2157 Si
363 2106 514 2179 arguas
537 2102 649 2156 contra
674 2094 749 2155 istas
773 2094 924 2156 rationes:
950 2093 1023 2155 Aut
1049 2101 1126 2154 sunt
1148 2112 1193 2153 ex

230 2196 304 2273 tide,
328 2208 360 2260 et
384 2207 461 2260 tunc
483 2220 551 2261 non
575 2201 700 2264 vadunt
731 2209 845 2262 contra
876 2199 1103 2282 philosophos;
1135 2207 1192 2260 aut

231 2322 296 2366 non
319 2314 396 2367 sunt
418 2326 461 2367 ex
485 2304 559 2381 fide,
584 2316 616 2368 et
639 2315 718 2369 tunc
742 2307 882 2388 probant
905 2306 1094 2388 oppositum
1122 2305 1193 2385 ejus

230 2410 321 2491 quod
348 2410 530 2474 intendunt.
560 2448 605 2459 —
633 2414 829 2494 Responsio:
862 2413 949 2475 aliud
981 2422 1029 2475 est
1059 2413 1194 2475 alteram

232 2526 359 2599 partem
383 2520 644 2582 contradictionis
667 2540 736 2582 esse
759 2540 880 2594 veram,
905 2520 992 2582 aliud
1028 2529 1076 2582 est
1111 2518 1197 2580 hanc

233 2632 361 2705 partem
386 2624 598 2689 determinate
621 2647 690 2689 esse
713 2647 833 2689 veram.

300 2729 384 2793 Dico
406 2751 486 2813 ergo
509 2733 599 2815 quod
624 2753 688 2795 non
713 2742 789 2795 sunt
804 2754 847 2795 ex
864 2731 937 2796 lide.
955 2770 1000 2781 —
1026 2734 1073 2796 Tu
1089 2731 1192 2795 dicis:

232 2856 312 2918 ergo
335 2837 452 2919 probat
476 2840 663 2921 oppositum
688 2839 758 2920 ejus
780 2841 870 2921 quod
895 2841 1076 2902 intendunt.
1103 2840 1199 2921 Nego

231 2945 500 3025 consequentiam,
529 2945 604 3027 quia
628 2946 769 3027 probant
784 2947 927 3028 aliquam
944 2947 1110 3009 scientiam
1127 2966 1200 3008 esse

234 3051 455 3126 necessariam,
480 3061 513 3114 et
537 3073 602 3115 non
626 3054 840 3115 determinate
856 3054 950 3115 istam
967 3053 1196 3135 particularem

234 3156 401 3219 scientiam
425 3178 493 3221 esse
517 3160 739 3222 necessariam.
771 3161 882 3224 Teneo
913 3182 993 3243 ergo
1024 3161 1113 3243 quod
1146 3180 1202 3222 ne-

235 3264 408 3327 cessarium
432 3276 480 3328 est
505 3266 627 3329 homini
659 3267 802 3348 aliquam
834 3269 1016 3340 doctrinam
1047 3287 1204 3349 superna·

237 3371 381 3433 turaliter
405 3371 559 3455 inspirari.

302 3478 361 3540 Ad
380 3480 473 3561 crtjus
499 3480 699 3542 evidentiam
731 3490 822 3543 nota:
855 3482 944 3562 quod
976 3481 1122 3562 potentia
1153 3502 1205 3544 re-

234 3584 364 3665 ceptiva
387 3585 453 3647 sive
477 3585 669 3648 intellectiva
694 3597 800 3667 potest
823 3588 1004 3668 comparari
1028 3588 1200 3651 adactum

237 3710 338 3773 quem
360 3692 481 3774 recipit,
498 3702 531 3754 et
554 3692 599 3755 sic
616 3693 704 3755 nulla
726 3694 881 3776 accipitur
902 3695 1206 3776 supernaturalitas,
