2684 4209
295 260 296 265 ,
397 220 583 283 Dissmcr.
608 220 722 283 XVIII
746 218 893 303 Quasi.
918 221 933 284 1
1064 238 1130 303 239

184 425 288 501 locus;
312 425 357 488 ita
380 425 413 488 in
437 427 604 508 proposito
635 426 769 509 quando
799 426 922 509 aliquid
957 437 1152 511 augmenta-

183 540 248 594 tur.

253 634 345 707 Alia
367 641 425 706 est
444 637 575 725 opinio
597 635 701 708 Scoti
719 661 819 723 quam
837 648 943 714 teneo,
967 640 1058 721 quod
1077 640 1152 703 cha-

185 744 265 808 ritas
292 755 430 829 augetur
462 767 518 829 per
549 747 728 810 adventum
760 767 856 810 novae
887 746 1054 810 charitatis
1083 748 1151 810 sive

186 853 348 927 realitatis,
373 873 448 934 quae
465 853 542 917 facit
558 875 615 935 per
631 874 665 917 se
681 874 784 917 unum
801 874 877 916 cum
893 854 1050 917 charitate
1070 875 1152 936 prae-

181 959 354 1035 existente,
379 961 470 1043 quod
494 961 652 1043 probatur
680 962 742 1024 sic:
773 960 866 1025 Sicut
894 970 944 1023 est
974 961 1016 1024 de
1045 962 1150 1024 inten-

186 1065 278 1128 sione
301 1074 393 1129 actus
416 1066 458 1130 ad
489 1065 640 1143 sormam,
673 1068 718 1130 ita
748 1067 846 1131 debet
875 1088 944 1131 esse
974 1069 1016 1131 de
1046 1068 1151 1132 inten-

187 1171 278 1235 sione
300 1174 351 1235 vel
375 1174 643 1256 augmentatione
666 1172 799 1252 lormae;
823 1174 881 1238 sed
900 1184 993 1237 actus
1015 1175 1152 1239 intendi·

180 1288 242 1341 tur
266 1299 323 1362 per
354 1278 417 1343 hoc
441 1281 531 1362 quod
561 1281 695 1343 advenit
724 1281 766 1343 de
788 1301 876 1344 novo
907 1280 1013 1343 forma
1042 1302 1062 1343 a
1084 1302 1151 1363 qua

186 1394 236 1447 est
259 1394 360 1461 actus,
385 1407 462 1449 nam
480 1387 593 1450 multae
614 1388 758 1450 candela:
783 1408 928 1451 accensae
952 1388 1056 1471 magis
1079 1388 1151 1451 illu·
1254 1392 1257 1396 ’

185 1490 330 1571 minant;
355 1513 435 1575 ergo
466 1494 583 1558 eodem
615 1495 716 1583 modo
746 1493 853 1557 forma
882 1495 1061 1558 intenditur
1093 1515 1151 1577 per

180 1597 253 1661 'hoc
275 1600 366 1680 quod
389 1600 521 1663 advenit
543 1601 604 1663 sibi
627 1602 763 1663 realitas.

254 1704 401 1770 Secundo
432 1708 496 1771 sic:
531 1708 774 1791 Augmentatio
803 1708 854 1771 vel
885 1708 1077 1772 terminatur
1107 1709 1150 1771 ad

188 1812 277 1889 nihil,
301 1815 392 1896 quod
416 1823 464 1877 est
487 1814 695 1897 impossibile,
719 1815 770 1878 vel
794 1816 835 1877 ad
858 1815 990 1898 aliquid,
1014 1824 1049 1878 et
1070 1825 1150 1879 tunc

187 1920 239 1982 vel
263 1920 455 1983 terminatur
478 1922 520 1984 ad
544 1923 685 2005 gradum
709 1922 960 2005 praecedentem,
984 1923 1074 2005 quod
1101 1932 1151 1986 est

187 2025 395 2110 impossibile,
420 2028 497 2109 quia
519 2027 642 2091 lactum
666 2028 771 2092 lacere
794 2028 871 2091 nihil
895 2037 944 2091 est
966 2028 1080 2104 lacere,
1097 2030 1149 2092 vel

185 2135 378 2197 terminatur
402 2135 444 2198 ad
468 2155 592 2198 novum
617 2136 767 2218 gradum,
795 2144 830 2197 et
859 2134 997 2198 habetur
1029 2156 1150 2219 propo-

181 2238 294 2303 situm.

257 2348 366 2410 Tertio
389 2348 451 2411 sic:
485 2346 578 2413 Sicut
600 2370 634 2411 se
657 2348 757 2412 habet
779 2349 945 2430 quantitas
975 2349 1018 2411 ad
1038 2358 1150 2412 exten-

188 2455 325 2529 sionem,
350 2455 394 2517 ita
417 2456 559 2538 qualitas
582 2476 616 2518 se
640 2456 740 2519 habet
761 2456 804 2518 ad
827 2457 1060 2519 intensionem:
1092 2456 1148 2519 sed

180 2563 353 2644 quantitas
375 2572 514 2645 augetur
542 2584 599 2645 per
630 2584 751 2625 novam
782 2572 909 2645 partem
940 2563 1148 2644 quantitatis;

181 2689 266 2751 ergo
288 2668 428 2750 qualitas
451 2690 508 2752 per
532 2690 652 2733 novam
681 2678 807 2753 partem
831 2670 1006 2751 qualitatis.

250 2881 314 2949 Be
337 2882 466 2949 lertio
488 2881 689 2949 Arto‘oulo
716 2884 794 2947 dicit
822 2904 887 2946 una
925 2884 1035 2966 opinio
1058 2884 1148 2964 quod

178 2990 224 3051 de
248 2989 404 3052 charitate
428 2990 589 3072 contingit
612 2991 700 3072 loqui
729 2991 909 3073 dupliciter.
930 2990 1009 3053 Uno
1048 2991 1148 3052 modo

176 3096 374 3177 simpliciter
388 3105 422 3159 et
438 3096 530 3171 inse,
547 3097 610 3160 alio
626 3098 727 3159 modo
743 3118 800 3180 per
815 3098 1089 3179 comparationem
1105 3097 1148 3159 ad

183 3202 371 3285 subjectum.
395 3204 505 3266 Primo
529 3204 629 3267 modo
653 3213 761 3287 potest
784 3205 897 3287 augeri
918 3204 951 3267 in
971 3202 1145 3278 inlinitum,

181 3312 329 3373 secundo
353 3312 453 3374 modo
478 3331 553 3387 non,
578 3332 637 3393 pro
660 3332 701 3373 eo
724 3312 814 3393 quod
830 3312 993 3393 capacitas
1008 3310 1146 3393 subjecti

179 3425 233 3479 est
255 3417 345 3482 finita

253 3524 374 3590 Contra
387 3526 485 3591 istam
501 3526 682 3607 opinionem
698 3526 806 3609 arguit
818 3525 924 3588 Varro
940 3546 997 3607 per
1014 3525 1150 3609 Augus-

177 3634 288 3697 tinum
304 3634 337 3697 in
357 3630 588 3708 Euchiridion,
607 3632 661 3694 ubi
678 3632 757 3696 dicit
772 3632 832 3695 sic:
850 3632 1008 3695 Minuitur
1024 3631 1149 3714 cupidi·
