2684 4209
221 273 282 335 140
475 255 550 320 Lnr.
574 255 589 317 Ι
614 254 909 319 Sansuumnuu

188 470 298 543 potest
321 470 432 524 tamen
455 461 517 524 dici
553 460 643 542 quod
678 458 830 542 producit
855 477 931 520 eum
966 457 1157 520 necessitate

190 568 356 630 naturalis
390 567 682 639 determinationis,
717 566 794 648 quia
831 563 989 626 memoria
1017 573 1155 645 patema

185 694 371 756 perquam
395 674 584 756 producitur
609 673 719 746 Filius,
743 681 791 735 est
816 671 1031 733 determinata
1053 691 1096 732 ex
1119 689 1154 732 se

190 779 233 842 ad
257 781 505 862 producendum
529 781 678 842 verbum.
702 778 887 842 Necessitas
908 786 1020 840 autem
1051 777 1154 851 tertia,

186 887 312 950 scilicet
334 887 498 968 requisita
515 883 730 969 perfectionis
749 895 799 948 est
821 884 963 966 duplex:
981 905 1048 946 una
1063 884 1154 964 quod

192 993 255 1056 hoc
278 1001 361 1056 esset
385 992 611 1075 imperfectum
636 993 705 1056 sine
728 993 799 1066 isto,
824 993 896 1054 elio
919 991 1009 1073 quod
1032 990 1156 1072 exple

193 1099 341 1162 nitudine
376 1099 581 1181 perfectionis
613 1099 675 1162 hoc
706 1099 868 1161 redundat
891 1098 922 1159 in
951 1097 1040 1170 illud,
1072 1097 1155 1159 sicut

194 1207 287 1288 ponit
310 1206 483 1269 Avicenna
498 1205 528 1269 6.
546 1205 693 1287 Metople.
709 1243 732 1252 -
747 1206 799 1268 De
822 1205 962 1268 secunda
974 1203 1157 1266 necessetate

188 1322 320 1390 eertum
344 1323 392 1375 est
416 1314 505 1396 quod
530 1314 623 1376 Pater
648 1313 830 1375 necessario
855 1311 1007 1393 producit
1037 1309 1157 1372 Filium

194 1421 382 1482 necessitate
408 1420 572 1502 requisito·
589 1419 810 1501 perfectionis,
839 1417 916 1500 quia
946 1417 971 1480 si
996 1437 1061 1479 non
1085 1437 1157 1498 pro

192 1527 284 1588 ducit
310 1526 440 1600 Filium,
465 1526 639 1588 intellectio
662 1535 797 1608 paterna
824 1546 889 1587 non
905 1532 990 1586 esset
1005 1521 1155 1605 perfecta,

192 1634 282 1715 quod
306 1633 351 1695 sic
376 1634 549 1715 probatur:
576 1632 733 1714 Operatio
758 1652 822 1694 non
847 1640 896 1693 est
927 1628 1068 1711 perfecta
1098 1629 1157 1691 nisi

187 1740 232 1801 sit
256 1740 288 1800 in
311 1739 465 1816 termium
491 1741 546 1802 sed
570 1740 596 1801 si
621 1740 715 1801 Pater
733 1759 798 1801 non
815 1739 1010 1819 produceret
1026 1736 1156 1811 Filium,

192 1845 262 1926 ejus
285 1846 458 1908 intellectio
482 1865 547 1908 non
571 1856 654 1908 essct
678 1844 883 1918 intermino,
908 1844 985 1925 quia
1007 1843 1157 1904 Verbum

192 1960 241 2014 est
264 1952 421 2014 terminus
445 1951 668 2014 intellectionis
692 1951 827 2027 divinae;
851 1971 940 2032 erge.

265 2056 383 2122 Contra
407 2057 464 2120 hoc
493 2059 610 2140 arguit
639 2057 751 2120 Scotus
782 2059 813 2119 in
846 2057 1072 2138 Reportatione
1094 2056 1156 2118 sic:

189 2165 338 2246 operatio
362 2166 559 2247 intelligendi
583 2174 632 2227 est
663 2163 817 2246 perfectio
847 2164 1043 2245 simpliciter,
1075 2163 1158 2224 sicut

193 2271 337 2349 bonitas;
355 2273 413 2334 sed
437 2273 544 2354 posito
567 2293 623 2353 per
649 2271 847 2352 impossibile
870 2271 961 2353 quod
977 2271 1070 2332 Pater
1091 2289 1158 2331 non

193 2379 386 2460 produceret
413 2379 541 2452 Filium,
566 2378 674 2440 adhuc
709 2386 793 2440 esset
825 2379 857 2438 in
892 2378 986 2439 Patre
1017 2374 1159 2458 perfecta

193 2485 338 2558 bonitas;
367 2506 455 2567 ergo
489 2522 533 2532 -
563 2487 738 2557 Proterea,
770 2486 865 2547 Pater
889 2505 954 2547 non
979 2482 1159 2546 communi·

188 2601 246 2652 cat
271 2591 353 2653 Filio
378 2592 436 2654 nisi
461 2593 550 2674 quod
574 2591 687 2668 habet;
713 2593 769 2654 sed
802 2601 879 2654 ante
909 2591 1158 2673 productionem

194 2697 266 2759 Filii
284 2699 377 2760 Pater
402 2698 499 2760 habet
535 2699 784 2762 intellectionem
816 2696 1050 2780 imperfectam,
1082 2697 1160 2778 quia

194 2804 293 2866 habet
318 2825 390 2866 eam
415 2805 483 2867 sine
506 2806 644 2868 termino
669 2826 726 2887 per
757 2815 803 2882 te;
837 2826 916 2886 ergo
948 2805 1042 2867 Pater
1072 2823 1160 2865 com-

195 2912 340 2974 municat
357 2911 439 2974 Filio
452 2912 700 2974 intellectionem
714 2911 947 2993 imperfectam,
960 2921 994 2973 et
1005 2910 1050 2972 sic
1061 2908 1160 2971 Filius

194 3027 243 3079 est
256 3017 473 3100 imperfectus,
486 3055 530 3065 —
544 3020 617 3080 le'eo
629 3019 711 3080 dicit
723 3019 812 3100 quod
826 3019 857 3079 in
883 3019 989 3100 primo
1012 3019 1107 3099 signo
1127 3037 1161 3078 o

196 3124 306 3205 riginis
331 3127 440 3188 omnia
464 3125 643 3187 essentialia
666 3135 742 3187 sunt
766 3125 907 3206 perfecte
936 3124 968 3186 in
999 3125 1103 3196 Patre,
1127 3132 1160 3185 et

192 3231 227 3293 in
252 3233 396 3294 secundo
426 3233 521 3314 signo
552 3232 775 3295 communicat
807 3232 904 3307 Filio;
936 3241 969 3294 et
999 3231 1044 3293 sic
1075 3230 1161 3293 ratio

194 3338 358 3419 opinionis
381 3360 445 3400 non
470 3339 644 3413 concludit,
670 3338 747 3421 quia
778 3339 954 3402 intellectio
984 3340 1016 3401 in
1048 3359 1082 3401 se
1111 3349 1162 3403 est

194 3445 228 3507 in
254 3446 393 3508 termino
418 3445 631 3527 perfectione,
657 3449 735 3509 dato
758 3449 850 3530 quod
869 3467 933 3508 non
951 3447 1086 3509 haberet
1100 3457 1164 3510 ter-

195 3553 324 3613 minum
350 3553 547 3615 distinctum.
