2684 4209
291 293 477 355 Drssmca.
503 292 634 355 XXXII
659 246 805 373 Quasi.
830 294 860 355 11
1021 309 1080 372 341

210 498 317 565 Ideo
339 498 485 563 eundo
509 499 827 564 onsecrandum
843 498 1107 582 Articulum,

142 605 217 668 dico
241 606 282 668 ad
307 603 536 687 Quaestionem
561 606 755 668 resumendo
778 605 887 687 aliqua
907 605 995 688 prius
1018 606 1105 669 dicta

142 710 179 775 in
196 712 335 794 pracati.
364 711 484 789 Quast.
511 712 596 777 Sunt
611 713 698 775 enim
721 712 754 775 in
770 712 888 775 divinis
903 712 1012 795 aliqua
1028 733 1108 795 pure

140 818 341 892 essentialia,
368 820 479 902 aliqua
504 839 585 901 pure
615 818 807 891 nationalia,
842 828 876 881 et
906 819 1013 901 aliqua
1048 840 1109 882 me-

139 925 196 988 dio
219 926 311 988 modo
333 947 367 989 se
388 925 555 990 habentia.
581 925 642 988 Est
666 933 778 987 autem
803 927 986 988 notandum
1017 926 1107 1007 quod

144 1033 177 1096 in
201 1033 318 1096 divinis
340 1033 448 1096 dreere
471 1042 578 1116 potest
600 1032 702 1113 accipi
726 1032 901 1115 tripliciter.
927 1032 1036 1095 Primo
1052 1054 1109 1114 pu-

145 1161 179 1202 re
200 1139 430 1213 essentialiter,
458 1148 491 1202 et
514 1149 593 1201 ωηο
616 1139 703 1201 idem
727 1148 777 1201 est
799 1140 889 1220 quod
921 1138 1107 1221 intelligere.

143 1245 299 1310 Secundo
323 1268 403 1329 pure
427 1245 645 1317 rationaliter,
672 1254 706 1307 et
729 1255 808 1309 tunc
831 1246 917 1309 idem
942 1254 990 1308 est
1018 1246 1108 1327 quod

144 1373 311 1435 generare.
335 1353 446 1416 Tertio
481 1353 599 1435 partim
622 1353 839 1416 essentialiter
861 1362 894 1415 et
917 1354 1036 1434 partim
1058 1374 1110 1417 no·

142 1446 323 1533 tionaliter,
366 1469 399 1522 et
433 1469 512 1522 ωηο
547 1460 634 1521 idem
666 1469 715 1521 est
745 1460 837 1541 quod
868 1468 1108 1541 repraesentare,

41 1614 51 1633 .
142 1567 223 1647 quia
247 1565 353 1628 dicere
365 1564 503 1628 includit
517 1574 700 1647 respectum
713 1566 855 1648 originis
868 1567 923 1647 qui
946 1576 995 1629 est
1018 1577 1110 1629 actus

146 1672 338 1747 notionalis;
362 1672 499 1734 includit
523 1672 622 1734 etiam
646 1682 830 1754 respectum
846 1672 1044 1736 declarativi
1054 1673 1110 1755 qui

141 1786 196 1841 est
218 1778 403 1841 essentialis.
420 1779 488 1841 Ista
503 1786 614 1840 autem
631 1779 811 1861 propositio
826 1788 910 1841 esset
925 1777 1021 1841 salsa:
1043 1780 1110 1845 Pa

142 1894 196 1947 ter
210 1883 293 1947 dicit
315 1884 421 1960 Verbo,
438 1885 507 1947 sive
522 1884 701 1966 accipiatur
718 1906 799 1967 pure
814 1886 1022 1949 essentialiter
1045 1887 1112 1950 sive

143 2012 229 2073 pure
246 1992 461 2054 notionaliter.
480 1989 545 2054 Sed
560 1991 586 2053 si
603 1991 780 2073 accipiatur
797 1992 915 2074 partim
934 1992 995 2055 isto
1011 1993 1111 2056 modo

141 2107 179 2160 et
203 2099 322 2180 partim
346 2098 410 2173 illo,
434 2107 483 2161 est
505 2118 581 2159 vera
604 2098 665 2159 sub
689 2098 752 2161 hoc
776 2118 888 2161 sensu:
914 2100 1008 2162 Pater
1035 2100 1112 2185 dicit

145 2204 270 2279 Verb0,
296 2205 379 2269 idest
401 2204 552 2288 producit
576 2203 727 2267 Verbum
751 2206 784 2267 in
806 2227 874 2287 quo
902 2215 1113 2288 repraesentat

145 2333 193 2375 se.

215 2418 276 2481 Ad
289 2418 490 2499 propositum
514 2420 718 2502 applicando,
746 2419 830 2483 sicut
851 2419 976 2483 dictum
1000 2429 1048 2483 est
1071 2421 1112 2484 de

142 2525 263 2597 dicere,
291 2525 336 2587 ita
359 2526 515 2607 accipitur
539 2528 580 2590 de
604 2527 754 2610 diligere,
783 2527 872 2609 quod
896 2536 1004 2608 potest
1027 2526 1112 2589 sumi

144 2631 281 2715 diligere
297 2653 378 2714 pure
392 2632 615 2709 essentialiter,
632 2643 665 2696 et
682 2632 727 2697 sic
745 2633 923 2715 propositio
939 2643 987 2695 est
995 2634 1111 2715 salsa,-

144 2747 257 2821 potest
290 2740 389 2801 etiam
416 2740 519 2822 accipi
548 2760 629 2823 pure
652 2740 871 2812 rationaliter,
892 2750 925 2802 et
944 2740 988 2803 sic
1003 2740 1113 2803 adhuc

145 2845 328 2927 propositio
351 2855 400 2908 est
411 2845 500 2920 falsa,
524 2846 607 2909 sicut
630 2854 714 2909 esset
733 2846 850 2931 falsum
871 2847 993 2909 dicere:
1018 2848 1113 2909 Pater

143 2952 228 3015 dicit
251 2951 381 3031 Verbo;
404 2953 537 3016 daretur
560 2954 648 3016 enim
679 2952 812 3035 intelligi
843 2954 933 3035 quod
964 2953 1112 3016 Verbum

142 3068 232 3121 esset
256 3059 337 3122 ratio
368 3061 571 3141 producendi
605 3060 752 3141 seipsum
771 3069 815 3123 ·et
852 3061 943 3141 quod
975 3059 1114 3141 Spiritus

145 3164 290 3229 Sanctus
312 3175 396 3229 esset
418 3166 501 3229 ratio
526 3166 728 3249 producendi
752 3187 786 3229 se
810 3175 846 3228 ut
875 3186 1021 3229 amorem
1052 3167 1114 3248 spi-

148 3281 267 3334 ratum.
293 3270 326 3336 Si
350 3282 461 3335 autem
477 3273 654 3355 accipiatur
678 3273 771 3336 tertio
800 3274 891 3336 modo
918 3274 1112 3356 inquantum

144 3398 207 3461 per
230 3378 364 3461 diligere
387 3380 482 3441 datur
507 3380 641 3462 intelligi
666 3380 825 3443 habitudo
849 3380 981 3462 originis
1004 3390 1036 3443 et
1060 3380 1114 3443 ha-

145 3484 265 3551 bitudo
288 3486 679 3567 quaedam·innominata,
705 3496 738 3548 et
766 3494 844 3549 tunc
875 3486 937 3548 est
954 3508 1029 3549 vera
1053 3487 1113 3550 sub

145 3591 211 3654 isto
234 3612 347 3656 sensu:
362 3593 455 3655 Pater
471 3602 504 3655 et
521 3593 622 3655 Filius
634 3594 775 3675 diligunt
791 3614 824 3656 se
841 3592 962 3674 Spiritu
981 3594 1112 3667 Sanct0,

150 3698 232 3761 idest
256 3700 444 3780 producunt
469 3699 626 3782 Spiritum
651 3700 810 3763 Sanctum
835 3698 1009 3762 habentem
1026 3699 1116 3762 habi-
1186 3714 1189 3729 '

145 3804 297 3868 tudinem
321 3806 364 3867 ad
388 3806 516 3869 Patrem
539 3806 638 3869 etad
662 3806 792 3868 Filium.
