2684 4209
416 294 572 358 Puotoo.
599 292 745 374 Quas'r.
772 296 794 355 1.
1043 311 1080 375 17

137 507 301 580 respectus
314 499 468 573 maiouim
482 519 561 580 ergo
574 498 755 581 Theologia
768 499 975 562 considerans
991 500 1102 562 Deum

136 604 195 665 sub
235 604 297 665 isto
331 616 478 686 respectu
510 616 592 667 esset
632 606 765 687 praecise
796 607 927 669 scientia
959 608 1100 679 rationis,

136 712 225 791 quod
248 722 298 773 est
328 712 566 773 inconvenieus,

204 817 377 889 Praeterea,
422 840 478 900 per
513 818 728 901 Theologiam
769 819 904 881 habetur
943 819 1104 902 perfectis-

137 924 219 985 sima
236 924 350 985 notitia
375 926 415 987 de
440 925 527 998 Deo;
553 926 608 987 sed
633 946 690 1007 per
714 925 871 988 rationem
890 928 1100 1008 respectivam

139 1051 204 1092 non
230 1030 367 1093 habetur
391 1032 621 1113 perfectissima
644 1032 756 1094 notitia
773 1034 814 1095 de
831 1033 912 1105 De0,
930 1033 1006 1115 quia
1022 1055 1104 1114 prae-

138 1138 293 1218 supponit
318 1138 464 1201 notitiam
490 1140 630 1201 absoluti
651 1160 726 1219 quae
747 1149 795 1200 est
812 1138 995 1220 perfectior:
1012 1161 1101 1222 ergo,

204 1244 368 1305 Praeterea
392 1266 434 1307 ex
457 1246 599 1308 absolata
616 1255 647 1306 et
663 1247 834 1325 respectiva
851 1268 916 1309 non
942 1246 977 1308 fit
999 1268 1102 1309 aretem

130 1361 194 1430 par
215 1372 269 1412 sc:
294 1372 374 1432 ergo
397 1352 577 1435 Theologia
602 1372 667 1414 non
691 1363 774 1414 esset
791 1373 848 1434 per
872 1374 905 1414 se
922 1374 986 1415 una
1002 1353 1103 1415 scien-

140 1458 193 1518 tia.
232 1455 463 1538 Consequentia
496 1470 594 1541 patet,
627 1460 702 1541 quia
727 1480 793 1521 non
824 1459 956 1521 haberet
979 1460 1102 1540 subjec-

138 1574 209 1625 tum
229 1574 290 1644 per
314 1585 347 1626 sc
371 1587 482 1627 rarrtm.

204 1670 371 1733 Praeterea
396 1675 502 1734 nullus
534 1685 698 1755 respectus
729 1674 776 1736 aa’
796 1683 891 1735 extra
923 1672 1102 1735 necessario

135 1778 290 1839 convenit
316 1778 401 1849 Deo;
426 1800 505 1861 ergo
530 1780 653 1842 nullum
679 1780 902 1862 theologicum
920 1780 1100 1841 necessario

134 1884 326 1946 conueniret
351 1885 432 1956 Deo,
464 1888 540 1967 quia
571 1887 703 1949 scientia
734 1887 941 1949 considerans
972 1886 1098 1966 subjec-

134 2000 208 2051 tum
234 1991 295 2051 sub
320 1992 442 2055 ratione
466 2014 531 2055 nou
556 1995 737 2055 necessario
762 1994 948 2065 inhaerente,
966 2014 1032 2054 non
1050 2014 1102 2054 ne-

134 2097 275 2159 cessario
300 2098 390 2160 inest.

204 2200 270 2269 Ad
281 2204 453 2288 primum
467 2206 670 2291 opinabilis,
684 2208 815 2269 curicula
828 2207 917 2287 quod
930 2207 989 2268 ista
1002 2207 1101 2268 scien-

133 2310 180 2370 tia
205 2311 387 2374 considerat
410 2314 450 2375 de
476 2314 547 2376 Deo
572 2314 765 2395 inquantum
792 2314 948 2375 Salvator
968 2323 1000 2374 et
1025 2312 1100 2374 Gla-

134 2416 293 2497 rificalm‘,
323 2420 378 2480 sed
411 2442 475 2482 non
509 2433 544 2482 ut
576 2422 765 2502 primarium
797 2421 992 2500 subjectum,
1024 2419 1099 2500 quia

135 2543 212 2583 cum
228 2524 279 2585 illa
293 2526 332 2587 sit
345 2528 488 2609 cognitio
502 2528 686 2608 respectiva,
701 2527 926 2609 praesupponit
941 2527 1099 2607 cognitio-

136 2650 212 2691 nem
237 2632 416 2696 absolutam
440 2646 472 2697 et
495 2635 765 2718 qar'a'dt'tatz't'arm
794 2655 868 2715 qua¹
893 2644 941 2695 est
964 2634 1005 2695 de
1027 2633 1099 2694 Deo

134 2736 197 2797 sub
223 2738 346 2802 ratione
370 2742 510 2804 acz'artr's.

209 2850 266 2911 aid
297 2852 470 2912 secruur'um
510 2850 583 2911 dieo
614 2850 703 2931 quod
741 2849 922 2927 subjectum
963 2846 1100 2907 Theolo-

133 2968 200 3047 giae
226 2974 345 3026 nostra}
369 2968 416 3021 est
443 2958 530 3019 Deus
559 2956 703 3017 infinitus
735 2955 899 3037 infinitate
916 2975 948 3015 se
970 2963 1099 3014 tenente

132 3095 177 3135 ex
202 3082 294 3153 parte
317 3066 436 3149 obsisti,
461 3086 526 3126 non
552 3063 708 3125 infinitate
732 3084 765 3123 se
789 3071 918 3123 tenente
941 3082 983 3121 ex
1008 3069 1099 3140 parte

132 3192 227 3241 actas
251 3176 362 3242 austri.
388 3174 468 3234 sicut
492 3172 629 3232 dicimus
652 3169 741 3250 qnod
768 3168 856 3229 Beati
881 3168 911 3229 in
930 3167 1032 3247 patria
1056 3167 1099 3227 vi-

132 3288 215 3348 dent
241 3284 349 3345 Deum
375 3280 554 3362 iufiuilaru,
581 3298 644 3338 non
669 3289 780 3337 tamen
798 3275 935 3356 infinite.

203 3392 260 3453 Ad
294 3390 436 3457 tertium,
466 3406 550 3465 nego
583 3385 747 3465 ruajanra.
781 3382 837 3443 Aa
861 3380 1092 3460 probationem,

131 3520 210 3561 cum
236 3498 353 3559 dicitur
370 3494 458 3575 quod
484 3492 514 3553 in
534 3492 604 3552 lieo
621 3490 731 3551 omnia
748 3490 899 3555 relucent,
918 3488 991 3548 dico
1007 3488 1096 3567 quod

131 3625 333 3688 cognoscere
346 3600 477 3693 aliquod
492 3596 790 3679 amarescitsativum
815 3594 975 3675 contingit
991 3594 1097 3675 dupli-

129 3714 226 3776 citer:
246 3712 368 3793 pr‘r'uw,
399 3717 433 3769 ut
459 3706 555 3767 habet
580 3704 737 3766 rationem
759 3700 987 3782 cognoscendi,
1004 3700 1097 3762 etsie

1029 3838 1044 3879 a
