2684 4209
310 279 497 348 Distmcn.
522 257 663 347 XXXV
682 283 827 365 Qunst.
853 287 867 348 1
1011 302 1028 365 3
1034 299 1049 365 5
1056 298 1071 366 5

938 403 1087 413 ———

125 487 229 570 gibile
253 487 412 568 objective
442 497 475 550 et
509 487 631 564 active;
649 509 726 551 nam
759 488 1013 552 immaterialitas
1047 499 1098 554 est

122 615 227 657 causa
251 595 473 657 intellectionis
495 615 553 676 per
577 595 784 658 Avicennam
808 614 840 677 9.
866 595 1033 677 Metaplz.,
1063 605 1095 659 et

130 723 189 782 per
201 701 411 764 Aristotelem
438 717 467 779 3.
484 702 523 764 de
537 701 672 763 Anima.
690 701 757 765 Sed
773 703 863 764 Deus
884 711 933 765 est
951 703 1097 766 maxime

124 807 286 870 'immunis
300 828 320 869 a
337 808 487 884 materia;
504 828 584 890 ergo
601 807 699 870 habet
717 809 864 871 maxime
881 809 1091 873 intellectum.

200 1021 264 1086 De
273 1021 465 1086 seeundo
477 1019 677 1087 Artt'melo
689 1030 778 1102 patet
790 1041 877 1084 error
888 1021 1098 1098 Commenta-

123 1128 210 1190 ·toris
234 1147 284 1192 12.
298 1126 444 1208 Metaplz.
462 1127 726 1208 reprehendentis
745 1126 972 1191 Themistium.
1007 1128 1095 1192 Dicit

124 1234 194 1297 sic:
220 1235 371 1316 Cumque
387 1234 449 1296 hoc
465 1235 662 1317 ignoraverit
678 1234 887 1309 Themistius,
911 1236 989 1297 dicit
1005 1237 1095 1317 quod

132 1341 286 1423 possibile
308 1350 358 1403 est
380 1342 469 1423 quod
493 1341 673 1404 intellectus
697 1340 792 1423 primi
813 1340 970 1424 intelligat
994 1343 1096 1405 multa

130 1447 358 1530 intelligibilia3
384 1447 446 1510 hoc
469 1456 579 1510 autem
603 1449 795 1510 contradicit
811 1449 950 1510 sermoni
970 1458 1094 1524 nostro,
1117 1522 1120 1528 1

124 1563 165 1617 et
188 1555 328 1616 dicimus
350 1554 457 1616 solum
481 1554 657 1636 intelligere
681 1576 723 1629 se,
749 1575 815 1617 non
839 1554 961 1637 aliquid
977 1556 1097 1618 extrin·
1202 1632 1204 1638 y

128 1681 254 1723 secum.
279 1661 340 1724 Est
369 1681 449 1743 ergo
485 1661 595 1742 opinio
627 1660 904 1724 commentatoris
936 1661 1093 1744 ibiquod

133 1768 225 1830 Deus
248 1787 314 1830 non
338 1767 486 1850 intelligit
501 1768 590 1830 aliud
606 1789 626 1830 a
640 1789 684 1830 se.
703 1768 746 1829 Et
763 1767 960 1850 colliguntur
975 1789 1017 1830 ex
1039 1769 1094 1832 illo

130 1875 255 1955 -aliquae
279 1875 427 1937 rationeS.

199 1981 318 2044 Prima
337 1982 422 2044 ratio
437 1981 508 2044 talis
531 1991 599 2044 est:
625 1981 691 2044 Ubi
715 1982 880 2062 objectum
907 2002 973 2044 non
996 1991 1045 2044 est
1075 1981 1097 2043 i-

130 2089 312 2150 demeum
337 2088 544 2170 intelligente,
569 2087 611 2150 ibi
636 2088 809 2150 intellectio
833 2108 898 2150 non
914 2099 963 2150 est
979 2089 1094 2151 eadem

123 2214 209 2257 cum
232 2195 429 2271 substantia;
454 2195 510 2256 sed
535 2194 707 2256 intellectio
733 2195 793 2256 Dei
829 2203 877 2257 est
900 2193 985 2257 idem
1018 2216 1095 2258 cum

129 2301 329 2376 substantia;
353 2322 433 2384 ergo
464 2322 530 2364 non
562 2301 712 2384 intelligit
735 2302 823 2363 aliud
854 2323 873 2362 a
905 2321 947 2365 se.
981 2303 1097 2385 Major

134 2417 234 2489 patet,
260 2429 336 2470 nam
361 2409 392 2470 in
417 2408 490 2470 Deo
513 2417 562 2471 est
585 2408 758 2471 intellectio
783 2408 868 2470 idem
893 2429 968 2470 cum
989 2429 1096 2471 essen-

131 2515 189 2589 tia,
213 2515 290 2596 quia
312 2514 479 2594 objectum
503 2524 552 2577 est
586 2515 684 2578 idem.
718 2513 784 2577 Ubi
816 2515 896 2596 eigo
927 2515 1094 2595 objectum

131 2641 199 2683 non
222 2630 272 2683 est
294 2621 390 2692 idem,
415 2621 458 2684 ibi
482 2621 656 2683 intellectio
681 2641 745 2682 non
769 2629 817 2683 est
841 2622 965 2683 eadem.

202 2727 351 2790 Secunda
374 2728 459 2790 ratio
481 2739 530 2790 est
553 2728 642 2790 talis:
668 2728 769 2810 Quod
792 2728 942 2810 intelligit
965 2728 1052 2790 aliud
1076 2749 1095 2790 a

124 2856 176 2908 se,
201 2833 364 2915 perficitur
389 2855 445 2916 per
468 2835 555 2897 aliud
578 2853 658 2913 ase3
683 2836 739 2896 sed
756 2834 935 2896 intellectus
951 2834 1012 2896 Dei
1030 2855 1095 2897 non

135 2940 299 3023 perficitur
322 2961 379 3023 per
403 2942 489 3003 aliud
513 2962 533 3003 a
556 2961 611 3016 se;
635 2962 715 3023 ergo
747 2961 812 3003 non
837 2941 986 3023 intelligit
1008 2940 1095 3003 aliud

136 3069 157 3110 a
180 3068 223 3109 se.

207 3154 315 3216 Tertia
338 3155 423 3217 ratio
445 3164 494 3218 est
517 3155 606 3217 talis:
632 3155 705 3217 Aut
720 3155 825 3217 simul
845 3153 993 3236 intelligit
1009 3174 1043 3216 se
1063 3163 1096 3216 et

128 3260 222 3324 aliud
245 3282 331 3334 ase,
355 3242 616 3323 aut-successive.
642 3261 718 3322 Non
743 3261 849 3342 primo
874 3261 983 3333 modu,
1020 3260 1096 3341 quia

130 3377 213 3430 tunc
236 3366 416 3430 intellectus
451 3369 546 3430 simul
578 3367 770 3449 intelligeret
801 3368 893 3449 plura
921 3374 957 3429 ut
981 3366 1094 3448 plura:

127 3493 199 3537 non
223 3475 367 3537 secundo
391 3475 500 3548 modo,
525 3475 602 3556 quia
626 3482 705 3536 tunc
729 3473 909 3536 intellectus
924 3472 994 3554 ejus
1013 3483 1096 3536 esset

131 3581 316 3654 mutabilis;
340 3601 420 3664 ergo
444 3601 509 3643 non
533 3581 685 3663 intelligit
707 3580 794 3642 aliud
818 3601 837 3642 a
861 3600 903 3642 se.

204 3685 333 3762 Quarta
355 3697 420 3750 est:
446 3687 480 3752 Si
504 3688 685 3751 intellectus
709 3687 770 3749 Dei
794 3687 984 3768 intelligeret
1008 3685 1097 3748 aliud

127 3815 152 3857 a
175 3814 219 3870 se,
235 3794 355 3858 scilicet
377 3795 438 3858 ista
469 3795 556 3870 vilia,
590 3815 671 3878 ergo
703 3793 881 3856 intellectus
912 3792 982 3875 ejus
1013 3800 1099 3857 esset
