2684 4209
275 261 462 323 Drsrnrcr.
489 259 670 324 XXXVII}
696 257 842 340 QuAEsr.
868 260 898 322 II
1004 263 1066 338 383

192 464 253 528 Ao
278 477 511 528 ARGUMENTA
539 477 773 527 pnrncrrnura
796 465 869 526 dico
885 465 977 546 quod
992 465 1092 527 scien-

109 571 166 634 tia
189 580 298 633 nostra
321 571 452 653 ponitur
476 571 508 633 in
532 571 638 652 prima
660 571 767 653 specie
790 571 963 654 qualitatiS,
987 579 1020 633 et
1037 581 1083 635 ta-

114 698 199 739 men
220 687 269 740 est
292 678 487 760 principium
510 677 669 755 activum;
695 698 771 740 nam
796 688 832 740 ut
856 687 1087 741 ostensumest

108 805 220 866 supra
242 784 329 847 Dist.
355 803 406 869 17.
432 784 561 847 habitus
584 793 633 847 est
648 784 844 866 principium
868 794 969 858 actua,
986 794 1019 847 et
1040 795 1089 847 ta-

118 911 199 953 men
222 891 326 953 estin
366 891 471 973 prima
499 891 605 973 specie
642 891 814 973 qualitatis.
839 927 883 938 -
905 891 1080 963 Proeterea,

116 1019 189 1060 non
212 1007 261 1060 est
283 999 400 1060 eadem
424 998 506 1061 ratio
529 998 725 1060 descientia
749 1008 858 1062 nostra
881 1007 913 1060 et
929 998 1084 1061 descien-

112 1105 168 1166 tia
192 1104 263 1179 Dei,
288 1114 324 1167 ut
340 1105 432 1187 ponit
456 1104 705 1168 Commentator
730 1123 782 1168 12.
807 1103 954 1186 Metaplz.

192 1211 250 1273 Ad
269 1212 456 1284 secundum,
480 1212 614 1293 quando
638 1212 771 1274 dicitur:
796 1212 901 1293 posita
917 1232 1015 1274 causa
1030 1232 1086 1293 po-

121 1317 213 1380 nitur
237 1317 379 1391 effectus,
403 1320 549 1381 concedo
565 1319 591 1380 si
614 1328 662 1381 est
687 1318 794 1381 totalis
810 1328 866 1381 aut
889 1318 1082 1400 principalis.

124 1424 220 1487 Deus
242 1433 354 1487 autern
377 1435 427 1486 est
441 1445 538 1487 causa
561 1445 669 1488 rerum
694 1446 750 1507 per
774 1425 972 1487 intellectum
987 1435 1020 1488 et
1033 1446 1087 1487 vo-

124 1531 296 1606 luntatem,
321 1540 353 1594 et
376 1532 527 1594 voluntas
549 1541 598 1594 est
610 1531 815 1614 principalior
832 1553 938 1594 causa.
953 1532 997 1594 Et
1014 1532 1086 1594 ideo

120 1638 235 1720 posito
258 1638 419 1701 intellectu
444 1640 494 1702 vel
518 1639 650 1700 scientia
674 1659 738 1701 non
753 1639 883 1721 ponitur
896 1659 945 1701 res
961 1639 992 1700 in
1005 1659 1084 1708 esse.

124 1744 205 1828 quia
228 1745 434 1827 principalior
457 1766 554 1808 causa
577 1755 626 1807 est
640 1745 792 1808 voluntas
808 1765 882 1827 quae
900 1745 998 1808 libere
1010 1766 1084 1827 pro-

122 1851 225 1914 ducit.

191 1958 250 2020 Ad
270 1959 401 2021 tertium
431 1959 505 2021 dico
528 1959 617 2040 quod
641 1959 724 2021 bene
746 1959 854 2041 arguit
881 1959 922 2021 de
956 1957 1087 2021 scientia

121 2074 235 2127 nostra
259 2086 334 2146 quae
359 2074 563 2128 mensuratur
578 2086 598 2126 a
622 2085 664 2138 re,
689 2065 745 2127 sed
762 2086 827 2127 non
843 2074 891 2128 est
910 2085 1025 2127 verum
1046 2065 1087 2126 de

115 2170 256 2234 scientia
280 2172 351 2233 Dei.

495 2330 672 2413 QuAEsr1o
697 2333 735 2393 ΙΙ.

193 2489 290 2557 Circa
301 2493 475 2554 secundam
483 2501 612 2573 partem
625 2490 725 2574 liujus
741 2491 986 2576 Dr'stirrctionr's,
1004 2511 1083 2573 qure-

116 2598 227 2662 ritur:

140 2756 249 2812 Utrum
267 2756 344 2812 Iloua
362 2757 466 2812 haheat
483 2756 632 2811 solentlarn
650 2757 818 2811 futurorum
835 2755 1075 2824 oontlngentlnm.

194 2901 239 2962 Et
262 2901 389 2963 videtur
402 2901 492 2983 quod
505 2921 580 2964 non.
609 2918 635 2962 1.
650 2899 736 2982 Quia
752 2902 793 2963 de
808 2921 848 2962 eo
865 2921 930 2962 non
948 2900 1085 2963 habetur

113 3007 260 3080 selentia,
285 3008 326 3069 de
349 3029 416 3090 quo
439 3029 504 3070 non
529 3007 666 3070 habetur
695 3007 908 3070 determinata
946 3007 1079 3080 veritas;

117 3115 179 3178 sed
204 3114 246 3176 de
269 3113 384 3176 suturis
407 3114 671 3197 contingentibus
692 3134 757 3176 non
781 3124 829 3176 est
867 3113 1087 3176 determinata

115 3222 242 3284 veritas
259 3241 316 3302 per
339 3220 575 3303 Philosophum
599 3239 629 3283 1.
653 3219 835 3283 Perilrerm.
860 3242 885 3282 c.
901 3220 984 3294 πίω
1006 3239 1086 3303 ergo

121 3329 216 3391 Deus
239 3348 305 3390 non
329 3327 428 3390 habet
451 3328 617 3390 scientiam
634 3328 675 3389 de
698 3327 753 3392 εἰς.

189 3450 219 3499 2.
245 3435 405 3496 Praeterea
427 3434 575 3516 arguitur
598 3455 656 3516 per
695 3433 854 3496 rationem
892 3432 1081 3515 Philosophi

116 3541 242 3605 ibidem
265 3541 327 3604 sic:
353 3539 439 3622 Quia
462 3541 487 3603 si
511 3541 552 3602 de
575 3539 691 3604 suturis
707 3539 972 3622 contingentibus
985 3539 1083 3602 habe-

115 3656 206 3710 retur
229 3647 363 3710 scientia
385 3647 598 3710 determinata
622 3648 741 3730 pariter
763 3645 934 3710 consilium
958 3647 1000 3708 de
1024 3646 1083 3719 εἰς,
