2684 4209
230 212 291 275 186
477 211 553 274 Lm.
577 212 592 273 Ι
616 212 913 276 Ssnrsnmnuu

203 417 363 481 voluntati
394 427 562 480 creaturae.
596 415 781 480 Secundum
812 418 948 481 dubium
971 427 1020 480 est
1046 418 1071 480 si
1095 439 1177 500 pro—

203 525 315 587 ductio
339 524 478 607 Spiritus
502 523 612 587 Sancti
636 533 685 586 est
715 524 903 599 necessaria,
935 533 970 587 et
996 526 1174 607 quomodo

204 632 263 695 ista
287 631 457 695 necessitas
481 638 544 693 stat
567 651 643 692 cum
668 630 824 694 libertate.

227 735 292 807 Ad
317 736 494 823 premunt
525 738 642 799 dicitur
657 737 838 819 dupliciter.
868 738 936 801 Uno
970 739 1073 811 modu,
1108 758 1172 821 per

204 844 291 907 viam
318 844 467 925 Magistri
493 844 622 906 Henrici
646 845 688 907 de
719 842 891 919 Gandav0,
922 845 1013 926 quod
1045 856 1167 907 natura

206 952 238 1014 in
255 950 371 1014 divinis
386 950 542 1032 accipitur
554 951 821 1033 quadrupliciter:
844 951 913 1015 Uno
937 951 1028 1013 modu
1051 952 1169 1014 dicitur

205 1068 319 1123 natura
331 1057 469 1120 essentia
481 1057 513 1118 in
529 1078 596 1139 qua
608 1066 673 1119 tres
689 1078 838 1139 personae
854 1058 1009 1120 existunt.
1024 1055 1178 1120 Secundo

205 1165 296 1227 modo
320 1165 436 1227 dicitur
467 1174 583 1226 natura
614 1164 810 1246 principium
846 1164 991 1227 activum
1023 1164 1171 1226 naturale

207 1272 259 1334 cui
283 1272 440 1353 competit
462 1270 647 1345 assimilare,
664 1280 697 1333 et
720 1271 764 1333 sic
779 1270 896 1333 dicitur
912 1272 1079 1333 essentiale
1095 1292 1178 1334 con·

205 1396 345 1448 tractum
376 1386 418 1448 ad
450 1386 623 1449 notionale.
661 1387 766 1449 Tertio
790 1385 882 1450 modo
912 1387 1028 1449 dicitur
1052 1396 1170 1450 natura

205 1494 360 1575 quaelibet
395 1493 442 1555 vis
466 1494 653 1556 naturaliter
684 1493 826 1556 existens
861 1494 893 1555 in
917 1502 1033 1555 natura
1060 1494 1169 1575 primo

208 1601 308 1662 modo
339 1600 435 1662 dicta.
472 1600 596 1675 Quarto
627 1600 719 1663 modo
749 1601 865 1663 dicitur
900 1609 1016 1663 natura
1046 1600 1178 1663 incom*

209 1706 372 1769 mutabilis
396 1708 566 1769 necessitas
578 1707 726 1769 ordinata
749 1707 791 1768 ad
814 1707 956 1788 aliquem
980 1718 1102 1769 actum.
1126 1742 1179 1754 -

208 1812 267 1877 Ad
300 1813 504 1895 propositum
535 1814 609 1876 dico
639 1813 730 1895 quod
753 1814 934 1876 intellectus
960 1823 994 1876 et
1016 1814 1170 1876 voluntas

206 1928 282 1982 sunt
306 1920 462 2001 principia
485 1919 750 1982 communicandi
774 1920 918 1983 divinam
936 1930 1087 1982 naturam
1101 1940 1167 1983 non

209 2027 404 2108 inquantum
436 2026 615 2089 intellectus
638 2037 671 2088 et
702 2028 862 2101 voluntas,
894 2028 950 2090 sed
974 2026 1169 2109 inquantum

208 2143 324 2196 natura
348 2134 439 2196 tertru
463 2134 553 2197 modo
576 2134 663 2197 dicta
688 2154 745 2219 per
768 2134 1023 2197 coassistentiam
1045 2142 1177 2195 naturae·

202 2241 313 2323 primo
337 2240 427 2302 modo
472 2240 577 2302 dictae.

274 2347 351 2409 Alio
382 2348 473 2410 modo
496 2346 612 2409 dicitur
643 2348 823 2410 secundum
848 2346 934 2409 viam
960 2345 1052 2410 Scoti
1082 2347 1177 2427 quod.

209 2454 360 2515 voluntas
383 2462 431 2515 est
454 2453 648 2534 principium
665 2453 929 2516 communicandi
946 2462 1096 2515 naturam
1121 2452 1177 2514 di-⁴

209 2559 317 2621 vinam
343 2578 409 2621 non
433 2559 584 2622 voluntas
616 2568 652 2621 ut
682 2561 844 2634 voluntas
869 2560 927 2623 sed
958 2559 1111 2622 voluntas
1135 2567 1171 2620 ut

210 2664 342 2741 infinita,
366 2686 443 2748 quae
467 2665 608 2729 infinitas
630 2676 680 2729 est
697 2666 847 2748 proprius
860 2667 978 2728 modus
994 2664 1179 2728 voluntatis

209 2772 327 2834 divinae
359 2772 442 2835 sicut
472 2772 644 2853 cujuslibet
675 2774 831 2847 attributi,
855 2782 888 2835 et
919 2772 982 2835 hoc
1005 2772 1172 2835 dicebatur

210 2878 242 2941 in
259 2880 397 2960 proeced.
422 2879 542 2952 Arria,
570 2880 660 2961 quod
684 2881 835 2942 voluntas
859 2888 908 2942 est
930 2879 1126 2961 principium
1141 2899 1173 2941 a·

213 2987 312 3048 moris
334 2987 510 3068 adaequati,
533 2987 610 3069 quia
633 2986 916 3068 quemadmodum
940 3006 1032 3047 amor
1056 2995 1106 3048 est
1129 2986 1178 3047 in·-

209 3091 328 3165 finituS,
353 3094 397 3154 ita
420 3102 452 3155 et
476 3094 626 3155 voluntas
649 3103 697 3156 est
721 3092 845 3155 infinita
868 3101 902 3155 et
923 3114 942 3154 e
965 3112 1133 3155 converso.

278 3199 319 3262 Si
329 3200 463 3282 objicias
474 3200 563 3283 quod
580 3198 721 3263 infinitas
732 3209 780 3262 est
795 3200 941 3280 ejusdem
956 3200 1087 3262 rationis
1096 3219 1175 3262 cum·

210 3306 372 3369 intellectu
396 3316 428 3369 et
444 3306 620 3381 voluntate,
638 3327 718 3389 ergo
734 3307 831 3369 etiam
845 3306 1076 3388 productiones
1097 3314 1173 3368 sunt

209 3412 355 3495 ejusdem
381 3412 520 3475 rationis
545 3450 588 3459 —
611 3414 785 3487 Praeterea,
817 3413 908 3496 quod
936 3422 1098 3496 repugnat
1120 3411 1173 3475 ali·

211 3519 262 3582 cui
287 3520 466 3582 secundum
491 3540 584 3582 suam
601 3521 760 3583 rationem
777 3520 974 3594 absolutam,
992 3539 1058 3581 non
1082 3539 1178 3581 com·-

214 3627 295 3710 petit
317 3626 377 3689 sibi
401 3636 533 3709 propter
550 3625 753 3702 infinitatem,
769 3626 846 3709 quia
869 3624 1011 3688 infinitas
1035 3645 1101 3688 non
1117 3626 1178 3688 dat
