2684 4209
207 463 362 551 Prima,
386 469 476 549 quod
502 468 631 531 habitus
656 470 816 550 practicus
848 468 946 532 habet
980 471 1111 532 relatio-

143 594 218 636 nem
243 576 483 655 corrsorrrriiatr's
506 577 548 637 ab
572 576 705 659 oly'ccto:
730 577 823 657 cujus
849 576 929 640 ratio
953 587 1011 649 est,
1032 578 1114 659 quia

144 702 185 743 ao
219 702 258 742 eo
289 680 387 744 trahit
419 682 548 744 habitus
579 683 740 763 practicus
771 682 1034 746 conformitatem
1066 685 1111 746 ad

144 788 272 869 praxim
291 790 377 871 unde
395 800 571 852 sumuntur
589 790 745 871 principia
767 790 966 853 rectitudinis
983 790 1108 872 praxis;

145 896 201 955 sed
226 896 303 956 illud
327 906 375 957 est
399 896 581 975 objectum;
606 917 685 978 ergo
702 898 743 958 ab
761 897 890 977 objecto
908 896 1039 959 habitus
1055 897 1115 959 ha-

146 1002 201 1063 bet
238 998 417 1082 respectum
458 1001 703 1066 conformitatis.
745 1005 860 1085 ,llasirr
898 1013 998 1085 patet,
1033 1004 1112 1085 quia

146 1110 188 1171 ab
214 1109 265 1169 illo
289 1110 378 1190 quod
403 1110 580 1171 virtualiter
615 1112 759 1173 continet
791 1110 947 1192 principia
974 1110 1112 1191 alicujus

148 1216 277 1277 habitus
305 1216 468 1297 dependet
499 1226 568 1279 tota
599 1218 752 1279 deductio
784 1217 922 1289 habitus
955 1238 1031 1280 curn
1067 1238 1110 1280 ex

147 1323 310 1404 principiis
332 1325 534 1387 deducantur
551 1326 783 1386 conclusiones
806 1325 970 1387 illiriorcm
989 1325 1113 1405 probo:

148 1430 234 1491 Nam
252 1431 416 1510 objectum
432 1431 529 1511 hujus
542 1432 651 1512 praxis
664 1453 739 1513 quat
753 1443 810 1503 est,
827 1432 966 1514 diligere
984 1432 1109 1503 Dentri,

147 1537 292 1598 continet
308 1538 484 1599 virtualiter
502 1539 727 1601 rectitudinem
745 1540 842 1619 hujus
867 1540 985 1621 praxis.

215 1638 388 1710 Seilinda
429 1640 635 1728 Conclusio,
667 1647 756 1727 quod
789 1646 917 1708 habitus
953 1645 1115 1727 practicus

148 1750 246 1812 habet
272 1764 453 1831 respectum
478 1752 665 1831 prioritatis
697 1753 814 1833 partim
846 1774 888 1814 ex
919 1752 1043 1834 objecto,
1079 1762 1115 1813 ct

147 1858 266 1937 partim
291 1878 333 1917 ex
357 1858 472 1918 ordine
489 1859 721 1938 poteritiurririr.
748 1860 798 1921 De
821 1860 934 1921 ordine
955 1859 1115 1939 poteritin-

148 1985 223 2024 rmn
255 1973 353 2044 patet,
378 1966 454 2044 quia
478 1986 592 2027 ornnes
615 1967 800 2027 concedunt
823 1967 912 2047 quod
929 1965 1112 2027 intellectus

146 2082 179 2133 et
204 2072 355 2132 voluntas
379 2092 412 2132 se
438 2070 558 2133 habent
574 2072 605 2134 in
623 2074 752 2153 agendo
768 2073 947 2134 secundum
965 2072 1111 2134 ordinem

146 2179 321 2259 prioritatis
345 2190 376 2240 et
401 2180 651 2259 posterioritatis
683 2180 790 2241 Actus
820 2180 906 2241 enim
931 2150 1115 2241 'voluntatis

147 2288 376 2368 praesupponit
392 2300 503 2349 actum
521 2286 709 2349 intellectus.
725 2286 775 2347 De
787 2287 900 2369 objicio
912 2286 1040 2347 declaro
1057 2285 1112 2347 sic:

147 2394 225 2475 quia
250 2395 338 2455 nulla
362 2394 535 2456 intellectio
562 2404 610 2455 est
640 2394 781 2474 practica
810 2394 867 2455 nisi
897 2394 937 2455 sit
965 2392 1115 2455 determi-

148 2500 259 2562 nativa
289 2500 487 2563 rectitudinis
528 2501 626 2580 ipsius
655 2502 779 2582 praxis;
816 2500 871 2561 sed
901 2500 984 2562 hanc
1012 2499 1114 2563 deter-

149 2608 364 2669 minationem
397 2608 494 2670 habet
526 2609 699 2670 intellectio
730 2619 858 2670 tantum
894 2608 936 2669 ab
967 2606 1112 2687 objecto;

150 2714 250 2795 igitur
264 2715 429 2795 objectum
446 2716 607 2777 concurrit
624 2715 665 2777 ad
683 2714 767 2777 hanc
784 2715 980 2777 relationem.
999 2714 1116 2775 Minor

148 2831 240 2901 patet
265 2842 321 2901 per
346 2821 580 2903 Philosophum
596 2826 627 2905 4·
645 2834 676 2884 ci
690 2822 720 2885 6.
738 2821 884 2903 ilirapli.
901 2832 933 2883 et
949 2820 979 2883 6.
1003 2819 1113 2882 Etliic.

149 2926 206 2989 ubi
231 2926 307 2989 lacit
332 2929 551 2991 distinctiones
576 2929 747 2991 habituum
773 2949 870 3010 penes
894 2928 1030 3007 objecta.

219 3031 284 3100 ili
301 3033 475 3119 priorum
499 3038 774 3122 rriaiirrrerrturrr
791 3036 937 3097 sicnmr'ce
952 3034 1114 3115 opinionis

147 3142 224 3202 dico
248 3142 337 3222 quod
364 3163 544 3223 numquam
563 3144 742 3204 intellectus
759 3142 975 3223 speculativos
992 3139 1027 3202 fit
1044 3162 1115 3222 pra-

148 3248 266 3319 cticus;
299 3249 355 3310 sed
387 3248 580 3310 Aristoteles
605 3250 696 3329 ponit
720 3249 876 3329 triplicem
903 3247 1113 3318 intellectum,

150 3376 254 3417 ririrrm
278 3356 332 3436 qui
361 3368 410 3418 est
439 3377 526 3418 mere
555 3358 781 3438 speculativos,
806 3366 838 3417 ct
863 3356 919 3416 iste
944 3375 1112 3435 nunquam

150 3460 188 3523 fit
220 3463 389 3543 practicus,
427 3465 482 3525 sed
519 3464 702 3525 considerat
737 3473 865 3523 tanturn
898 3461 1113 3542 speculabilia.

148 3570 249 3631 illius
274 3570 453 3632 intellectus
469 3581 526 3641 est,
549 3572 603 3652 qui
628 3572 810 3657 considerat
833 3570 971 3650 agibilia,
1001 3580 1032 3629 et
1057 3569 1115 3628 istc

151 3676 225 3738 licet
241 3678 281 3738 sit
298 3679 467 3759 practicus,
491 3690 596 3759 potest
610 3690 719 3740 tamen
739 3678 842 3758 magis
860 3676 925 3737 lieri
943 3675 1113 3757 practicus,

151 3802 194 3844 ex
212 3806 278 3865 quo
303 3785 440 3847 habetur
465 3788 578 3847 tertias
602 3786 722 3867 gradus
746 3785 936 3845 intellectus

1046 3880 1059 3920 a
