2684 4209
216 215 281 262 200
480 198 553 262 Lru.
578 200 592 261 1
617 197 912 263 Sauraurranuu

259 404 323 470 Be
339 404 492 487 primo
514 405 588 468 dico
604 406 694 487 quod
711 405 765 466 sic.
784 404 887 484 Cujus
903 404 985 466 ratio
1008 413 1057 465 est
1072 403 1153 485 quia

193 512 287 573 Pater
303 511 489 594 generando
507 512 625 573 Filium
643 511 865 573 communicat
880 511 908 573 ei
929 530 1063 573 omnem
1086 530 1157 591 per-

191 615 364 680 fectionem
388 618 572 680 absolutam
597 639 673 699 quae
705 618 733 679 ei
758 637 824 679 non
856 627 1029 699 repugnat,
1053 626 1086 679 et
1109 616 1156 679 sic

191 724 414 788 communicat
429 725 457 786 ei
470 726 674 788 voluntatem
691 723 890 798 foecundam,
908 745 984 805 quae
1000 734 1049 786 est
1066 724 1154 805 prin·

191 831 314 913 cipium
340 830 479 912 Spiritus
503 831 623 894 Sancti.
650 831 735 895 Cum
759 831 858 913 igitur
886 831 927 892 sit
961 831 1076 892 eadem
1100 851 1156 891 vo·

192 938 299 999 luntas
322 937 475 1000 soecunda
499 938 530 1000 in
567 938 661 1000 Patre
695 946 728 999 et
764 938 856 1009 Filio,
891 937 1036 1019 sequitur
1066 936 1156 1017 quod

192 1044 286 1106 Pater
302 1053 334 1107 et
348 1044 448 1107 Filius
461 1054 536 1106 sunt
549 1065 651 1106 unum
666 1044 861 1125 principium
876 1043 1015 1126 Spiritus
1031 1043 1152 1107 Sancti.

263 1148 486 1233 Confirmatio
508 1171 564 1232 per
597 1150 659 1213 hoc
689 1152 780 1233 quod
811 1151 949 1213 habetur
982 1151 1103 1213 Extra.
1121 1148 1153 1211 6.

191 1256 422 1330 Orientalium,
443 1258 494 1319 De
498 1258 569 1340 fide
580 1256 751 1330 catholica,
773 1257 827 1319 ubi
844 1258 890 1318 ait
906 1256 1102 1338 Gregorius:
1120 1254 1155 1317 fi-

191 1363 254 1425 deli
263 1384 300 1427 ac
313 1364 431 1426 devota
445 1363 641 1445 professione
654 1363 794 1427 fatemur
803 1364 891 1445 quod
903 1359 1044 1445 Spiritus
1059 1362 1158 1427 Sanc-

191 1479 244 1531 tus
267 1471 460 1533 aeternaliter
483 1492 525 1532 ex
550 1471 644 1532 Patre
667 1480 700 1533 et
724 1470 817 1543 Filio,
842 1490 908 1531 non
932 1480 1103 1551 tamquam
1131 1491 1152 1532 a

191 1576 321 1639 duobus
344 1577 516 1658 principiis,
541 1577 597 1639 sed
622 1587 792 1658 tamquam
823 1597 866 1637 ex
890 1596 956 1638 uno
988 1575 1150 1658 principio

192 1702 322 1765 unaque
345 1683 520 1765 spiratione
543 1684 700 1764 procedit.

260 1895 324 1961 De
345 1896 536 1961 seeundo
565 1896 766 1961 Arte'eulo
796 1906 873 1957 sunt
900 1905 964 1957 tres
996 1894 1084 1957 modi
1111 1895 1160 1957 di-

191 2002 294 2065 cendi.
326 2002 416 2066 [heris
437 2011 486 2065 est
508 2002 648 2065 Thomae
667 2012 756 2083 part.
782 2021 811 2064 ι.
835 2024 865 2084 q.
879 2000 934 2081 36.
959 2022 990 2065 a.
1007 2020 1039 2085 4.
1061 2002 1154 2084 quod

191 2118 353 2189 quantum
377 2110 418 2171 ad
442 2110 508 2171 vim
533 2110 721 2190 spirativam
747 2109 886 2189 Spiritus
918 2109 1057 2172 Sanctus
1080 2128 1154 2188 pro

192 2216 278 2278 cedit
301 2236 319 2277 a
344 2216 438 2278 Patre
460 2227 492 2277 et
517 2215 599 2277 Filio
615 2216 811 2296 inquantum
830 2235 944 2284 unum.
969 2216 1025 2277 sed
1048 2234 1155 2296 quan-

193 2332 263 2384 tum
288 2323 329 2385 ad
346 2322 514 2405 supposita
538 2322 751 2403 producentia
768 2321 908 2404 Spiritus
925 2322 1065 2385 Sanctus
1084 2342 1159 2402 pro

192 2429 279 2491 cedit
301 2448 320 2490 a
344 2430 438 2491 Patre
461 2438 494 2490 et
519 2428 601 2490 Filio
625 2429 820 2509 inquantum
845 2436 922 2491 sunt
945 2428 1097 2490 distincti.

259 2536 358 2598 Alius
381 2536 494 2598 modus
523 2536 650 2597 dicendi
675 2546 724 2598 est
754 2536 844 2617 quod
868 2536 962 2597 Pater
993 2545 1027 2597 et
1052 2534 1156 2597 Filius

193 2642 380 2724 producunt
397 2642 554 2724 Spiritum
580 2642 738 2705 Sanctum
756 2643 951 2723 inquantum
965 2661 1069 2703 unum
1083 2660 1157 2703 om-

194 2748 280 2811 nino.
306 2748 409 2829 Cujus
432 2750 513 2811 ratio
529 2758 577 2811 est
593 2749 669 2829 quia
694 2749 727 2828 ly
752 2748 948 2830 inquantum
973 2748 1155 2829 reduplicat

192 2875 325 2918 causam
355 2853 540 2929 formalem;
572 2856 627 2916 sed
659 2855 774 2917 eadem
798 2863 847 2917 est
877 2875 975 2916 causa
1010 2855 1078 2917 sive
1101 2875 1157 2917 vo

194 2963 300 3024 luntas
331 2962 363 3023 in
395 2963 489 3023 Patre
512 2970 545 3023 et
577 2961 659 3023 Filio
681 2970 826 3043 respectu
861 2959 1155 3042 Spiritus'Sancti;

192 3089 273 3150 ergo
298 3068 485 3149 producunt
508 3068 615 3148 ipsum
641 3068 835 3148 inquantum
861 3087 976 3129 unum.

267 3175 393 3237 Tertius
417 3174 529 3236 raudus
552 3174 680 3236 dicendi
703 3186 751 3236 est
775 3174 864 3255 quod
888 3183 981 3236 actus
1011 3174 1157 3256 spirandi

196 3291 303 3361 potest
326 3281 519 3343 considerari
545 3280 680 3361 praecise
703 3280 734 3341 in
759 3301 801 3353 se,
819 3290 851 3341 et
874 3280 919 3342 sic
943 3301 1009 3343 non
1034 3281 1155 3362 produ-

194 3396 274 3449 cunt
298 3386 457 3468 Spiritum
482 3386 641 3450 Sanctum
666 3386 861 3467 inquantum
887 3407 1002 3461 unum,
1027 3408 1087 3449 nec
1112 3387 1161 3448 in-

195 3505 356 3575 quantum
381 3494 532 3567 distincti,
558 3494 613 3555 sed
638 3493 796 3555 abstrahit
819 3493 861 3555 ab
885 3503 1035 3575 utroque,
1071 3495 1156 3557 sicut

195 3600 289 3682 ponit
312 3600 485 3662 Avicenna
503 3618 537 3679 j.
563 3598 710 3682 Metaplr.
734 3600 776 3661 de
798 3600 976 3681 equiuitate
998 3621 1075 3681 quae
1103 3599 1161 3662 ab·
