2684 4209
290 267 350 331 ¹30
568 250 642 314 Lm.
667 252 682 314 1
705 251 1000 314 Sauruurmuuu

329 457 449 522 Ultimo
472 457 530 521 sic:
556 457 590 521 Si
614 457 698 540 ignis
722 467 855 539 generat
878 459 989 541 ignem
1005 459 1047 520 de
1062 478 1120 520 sua
1147 457 1221 520 sub-
1325 530 1326 537 ἵ

254 564 380 639 stantia,
413 565 500 627 idem
531 563 650 627 faceret
680 565 772 646 quod
803 585 891 627 nunc
921 564 999 629 facit
1032 565 1218 646 generando
1325 568 1326 629 3

250 671 291 734 de
318 671 456 734 materia
479 671 597 749 aliena;
623 672 679 734 sed
703 672 836 753 quando
860 672 944 754 ignis
964 680 1096 754 generat
1113 671 1221 753 ignem

257 777 299 840 de
323 779 455 840 materia
479 777 591 852 aliena,
617 779 812 859 supponitur
844 778 1029 859 subjectum
1061 787 1093 840 et
1125 787 1223 840 mate-

253 884 313 962 ria;
337 905 417 967 ergo
440 885 464 947 si
491 894 626 966 generat
649 885 760 967 ignem
784 885 908 947 desua
933 885 1126 957 substantia,
1143 893 1222 947 tunc

251 991 321 1072 ejus
337 992 516 1054 substantia
529 1001 613 1054 esset
628 992 719 1072 quasi
734 992 868 1054 materia
881 991 1106 1073 generationis.
1129 991 1219 1073 Ergo

251 1099 396 1160 similiter
420 1099 451 1160 in
476 1099 686 1180 generatione
708 1097 818 1160 divina
842 1099 935 1160 Pater
965 1099 1155 1180 generando
1172 1096 1223 1159 Fi·
1325 1112 1326 1129 ¹

260 1204 339 1266 lium
375 1205 415 1266 de
450 1225 507 1266 sua
541 1205 688 1279 essentia,
713 1205 844 1287 ponitur
866 1205 936 1286 ejus
969 1205 1107 1268 essentia
1129 1205 1221 1287 quasi

262 1311 404 1373 materia.

327 1525 391 1591 Be
422 1523 622 1591 Secundo
653 1524 852 1591 Arlt'culo
882 1525 955 1588 dico
986 1527 1077 1608 quod
1107 1535 1222 1589 contra

259 1633 353 1694 istam
377 1632 565 1714 opinionem
589 1632 736 1713 arguitur
762 1633 990 1714 multipliciter:

324 1735 465 1806 Primo
500 1738 561 1799 sic:
587 1738 669 1800 Illud
701 1739 791 1820 quod
822 1759 856 1800 se
887 1738 986 1801 habet
1021 1740 1053 1801 in
1090 1759 1221 1821 genera·

257 1847 344 1908 tione
368 1855 538 1926 tamquam
564 1845 725 1907 terminus
747 1845 917 1926 formalis,
954 1867 1020 1908 non
1051 1867 1086 1907 se
1121 1845 1220 1909 habet

257 1962 294 2014 ut
317 1953 455 2013 altataria
479 1953 528 2012 vel
553 1952 650 2032 quasi
673 1952 830 2025 rnatcria,·
855 1953 911 2014 sed
938 1952 1075 2014 essentia
1090 1961 1139 2014 est
1155 1952 1219 2014 for-

258 2059 348 2120 malis
372 2059 529 2120 terminus
554 2059 779 2140 generationis
804 2079 883 2141 ergo
908 2081 974 2122 non
998 2080 1031 2121 se
1055 2059 1154 2122 habet
1181 2071 1218 2122 ut

257 2166 389 2226 materia
414 2166 462 2226 vel
488 2165 579 2246 quasi
606 2165 747 2226 materia.
773 2202 816 2211 —
839 2167 955 2248 Major
977 2167 1133 2247 probatur
1157 2167 1216 2228 sic:
1325 2162 1326 2165 '

257 2270 342 2351 Quia
366 2272 522 2333 terminus
546 2270 689 2332 formalis
712 2281 744 2332 ct
770 2273 903 2334 materia
935 2272 1056 2335 habent
1086 2273 1217 2355 opposi-

255 2387 306 2439 tos
331 2380 455 2452 modos
485 2389 553 2440 tum
586 2378 662 2459 quia
694 2378 771 2439 illud
803 2380 893 2460 quod
924 2389 973 2441 est
1005 2380 1137 2442 materia
1161 2400 1216 2461 ge-

254 2485 429 2546 nerationis
452 2495 500 2546 est
524 2486 556 2546 in
586 2485 732 2566 potentia
760 2484 801 2546 ad
830 2485 1007 2548 terminum
1036 2485 1214 2561 formalem,
1325 2494 1326 2577 l

254 2592 389 2652 essentia
428 2601 538 2652 autem
571 2613 636 2653 non
669 2602 718 2653 est
750 2591 781 2652 in
814 2593 959 2673 potentia
989 2593 1031 2654 ad
1062 2593 1214 2674 seipsam:
1325 2630 1326 2659 ;

253 2707 321 2760 tum
346 2699 421 2778 quia
446 2719 582 2779 persona
608 2698 741 2760 haberet
756 2699 928 2761 essentiam
964 2699 1085 2780 duplici
1115 2701 1215 2762 modo
1325 2698 1326 2733 l

254 2804 404 2878 habendi,
430 2806 520 2886 quod
536 2815 584 2866 est
603 2805 845 2876 inconveniens,
863 2806 938 2886 quia
963 2826 1101 2886 persona
1121 2805 1216 2868 habe-
1325 2806 1326 2851 ἓ

253 2921 301 2972 ret
324 2913 495 2972 essentiam
520 2932 576 2993 per
600 2912 741 2992 aliquem
767 2912 903 2974 modum
927 2933 994 2993 quo
1024 2922 1151 2975 remoto
1172 2914 1216 2975 ni·
1325 2922 1326 2979 ἶ

253 3017 427 3080 hilominus
452 3017 593 3079 haberet.
623 3054 666 3064 -
690 3019 807 3079 Minor
846 3019 1001 3100 probatur
1030 3019 1214 3102 multiplici-

252 3134 314 3202 ter;
332 3136 400 3186 lum
417 3125 493 3205 quia
511 3125 657 3188 Salvator
682 3123 759 3186 dicit
789 3125 885 3188 Joan.
911 3145 961 3188 ιο.
997 3137 1088 3207 caps
1114 3125 1215 3207 Quod

252 3231 341 3292 dedit
364 3231 432 3292 nihi
456 3233 548 3292 Pater
573 3232 682 3313 majus
709 3232 863 3294 omnibus
890 3242 955 3308 est;
984 3234 1074 3315 quod
1102 3243 1213 3296 autem

253 3337 357 3418 majus
380 3348 428 3399 est
452 3339 613 3412 omnibus,
638 3348 768 3420 oportet
791 3340 880 3420 quod
904 3339 982 3401 illud
1010 3340 1146 3403 omnino
1173 3342 1214 3403 de

251 3465 284 3506 se
308 3445 346 3505 sit
370 3444 547 3521 infinitum;
581 3444 643 3506 hoc
676 3455 788 3507 autem
821 3446 973 3509 convenit
1003 3447 1150 3509 essentiae
1181 3456 1213 3510 et

251 3572 316 3612 non
342 3551 495 3613 relationi.
528 3553 607 3614 Tum
632 3553 708 3634 quia
731 3553 821 3615 nulla
843 3555 960 3616 entitas
989 3554 1127 3617 habetur
1157 3575 1213 3637 per

251 3658 503 3738 generationem,
529 3659 586 3721 nisi
611 3659 652 3720 sit
667 3658 812 3722 formalis
827 3661 993 3735 terminus,
1011 3662 1061 3724 vel
1078 3662 1118 3724 sit
1138 3683 1213 3725 con·
