2684 4209
415 288 602 351 D1sr11rcr.
626 288 724 352 XVII
748 286 893 370 Qurssr.
917 290 948 353 11
1064 306 1124 370 231

186 510 232 554 sae
255 488 453 575 aequivocae3
478 495 534 557 sed
557 502 650 558 actus
671 502 723 556 est
749 514 846 557 causa
868 495 1039 577 aequivoca
1062 494 1146 559 habi-

187 608 250 675 tus,
267 599 344 682 quia
359 599 490 663 habitus
506 610 702 684 generantur
717 622 761 663 ex
774 600 900 664 actibus
915 622 958 664 ex
977 620 1008 664 2.
1025 600 1149 684 Phys..-

185 726 267 789 ergo
290 705 420 769 habitus
443 726 509 770 non
532 716 581 771 est
604 728 703 771 causa
724 706 845 772 actus(

255 811 401 876 Secundo
423 814 482 877 sic:
497 812 641 896 Quando
664 816 732 878 duo
761 815 895 878 effectus
917 824 1152 897 comparantur

187 920 228 981 ad
252 921 389 983 eandem
405 941 550 996 causam,
567 922 747 985 necessario
760 943 844 985 unus
859 943 974 985 eorum
996 922 1152 1005 praecedit

187 1026 367 1090 secundum
391 1036 496 1090 totam
519 1048 613 1091 suam
644 1028 802 1111 speciem;
832 1029 889 1091 sed
919 1028 1035 1110 aliquis
1058 1028 1154 1091 habi-

186 1141 240 1195 tus
262 1141 295 1196 et
317 1143 409 1197 actus
424 1145 656 1217 comparantur
672 1136 715 1197 ad
730 1136 911 1218 potentiam
927 1144 1088 1218 tanquam
1109 1136 1152 1199 ad
1196 1185 1199 1189 Δ

186 1260 333 1316 causam3
357 1261 437 1324 ergo
463 1262 547 1305 unus
569 1262 686 1304 eorum
709 1227 896 1325 simpliciter
921 1243 1080 1325 praecedit
1102 1263 1153 1305 se·

186 1348 333 1410 cundum
361 1356 466 1411 totam
497 1348 638 1430 speciem
668 1369 780 1412 suam.
819 1348 884 1412 Sed
914 1348 1030 1431 aliquis
1059 1359 1152 1413 actus

187 1453 366 1516 necessario
389 1454 544 1536 praecedit
559 1453 724 1531 habitum;
740 1474 821 1537 ergo
836 1454 943 1517 omnis
963 1465 1056 1518 actus
1079 1455 1152 1517 sim·

186 1558 310 1641 pliciter
333 1560 498 1641 praecedit,
526 1560 627 1623 etsie
650 1580 716 1623 non
741 1570 893 1624 causatur
915 1561 958 1624 ab
981 1560 1113 1624 habitu.

260 1665 363 1729 Tertio
386 1667 444 1730 sic:
470 1666 504 1731 Si
517 1666 647 1730 habitus
670 1676 719 1730 est
742 1688 839 1730 causa
855 1667 1025 1749 aequivoca
1047 1677 1151 1748 actuS,
1262 1732 1266 1741 ,

185 1793 265 1855 ergo
288 1793 386 1836 causa
413 1773 513 1855 ipsius
543 1773 674 1836 habitus
700 1782 750 1836 est
780 1773 919 1836 nobilior
942 1774 1072 1851 habitu;
1093 1774 1151 1836 sed

187 1880 239 1942 illa
271 1900 368 1942 causa
398 1889 447 1942 est
476 1888 577 1955 actus,
614 1880 692 1962 quia
722 1879 852 1944 habitus
882 1889 1078 1963 generantur
1108 1901 1151 1942 ex

185 1985 326 2062 actibus;
350 2007 430 2069 ergo
453 1996 544 2050 actus
566 1996 615 2050 est
638 1987 777 2051 nobilior
800 1987 930 2051 habitu.
948 1986 1014 2051 Sed
1038 1997 1151 2069 poten-

185 2094 231 2157 tia
253 2093 396 2158 existens
418 2094 480 2157 sub
503 2094 616 2157 habitu
633 2094 718 2158 elicit
733 2104 860 2171 actum;
874 2115 953 2178 ergo
970 2095 1075 2157 multo
1090 2093 1153 2157 lor-

183 2201 249 2265 tius
272 2200 392 2282 poterit
415 2200 477 2263 hoc
501 2200 646 2283 potentia
668 2202 812 2265 existens
835 2202 896 2265 sub
934 2212 1026 2275 actu,
1050 2210 1083 2264 et
1106 2200 1151 2264 sic

185 2308 331 2390 potentia
354 2306 458 2371 eliciet
479 2316 590 2370 actum
615 2308 779 2372 mediante
801 2318 892 2384 actu,
915 2308 1006 2391 quod
1029 2316 1078 2371 est
1106 2309 1151 2371 in·

184 2414 390 2479 conveniens.

259 2626 426 2714 Quarta
451 2627 605 2712 opertio
628 2628 721 2710 ponit
736 2630 826 2711 quod
851 2627 981 2691 habitus
1002 2637 1052 2691 est
1074 2648 1151 2691 cau-

184 2755 221 2797 sa
244 2734 386 2817 partialis
401 2744 548 2818 respectu
572 2745 665 2798 actus
682 2734 823 2818 perlecti,
848 2736 893 2798 ita
919 2736 1010 2816 quod
1038 2744 1150 2817 poten-

185 2842 231 2903 tia
253 2851 286 2905 et
308 2841 440 2905 habitus
462 2851 539 2906 sunt
562 2843 636 2905 duae
654 2863 762 2905 causae
783 2842 932 2924 partiales
952 2842 1151 2924 integrantes

186 2968 286 3010 unam
302 2949 448 3023 totalem,
472 2949 529 3012 sed
545 2970 620 3032 quae
637 2948 679 3012 sit
701 2948 838 3011 nobilior
854 2948 992 3012 dubium
1016 2956 1074 3011 est.
1092 2947 1151 3010 Vi-

183 3055 279 3117 detur
313 3054 400 3118 enim
433 3055 525 3137 quod
558 3055 600 3118 sit
631 3055 773 3131 habitus,
809 3065 881 3119 tum
912 3055 989 3139 quia
1019 3054 1151 3117 habitus

186 3160 285 3225 habet
308 3162 471 3237 inclinare,
495 3171 567 3225 tum
596 3162 674 3245 quia
705 3162 835 3225 habitus
865 3161 964 3225 habet
997 3161 1149 3225 determi-

186 3288 263 3332 nare
286 3269 477 3352 potentiam,
510 3269 575 3333 Sed
599 3269 788 3351 oppositum
819 3268 948 3331 videtur
971 3277 1043 3331 tum
1073 3267 1151 3349 quia

185 3376 331 3459 potentia
347 3384 396 3439 est
429 3376 626 3450 illimitatior‚
651 3383 724 3438 tum
756 3374 833 3457 quia
864 3374 1011 3457 potentia
1033 3382 1152 3456 agente

185 3481 315 3546 habitus
338 3483 447 3566 coagit
476 3491 511 3546 et
533 3502 601 3545 non
625 3502 644 3545 e
667 3502 836 3557 converso
861 3490 933 3545 tum
956 3480 1035 3564 quia
1058 3490 1152 3544 actus

184 3608 252 3652 non
276 3597 382 3652 essent
413 3589 458 3651 ita
484 3588 583 3651 liberi.

253 3696 347 3761 Circa
370 3705 480 3759 autem
493 3695 592 3759 istum
605 3696 786 3759 secundum
810 3696 948 3759 modum
965 3715 1031 3758 non
1054 3714 1152 3777 opor-
