2684 4209
198 324 391 388 Drsnucr.
416 322 563 385 XXVIII
585 332 619 385 et
642 321 756 384 XXIX
782 317 929 402 Quns‘n
953 320 967 383 I
1018 337 1077 400 31¹

137 528 231 592 modo
253 529 435 591 secundum
458 528 548 610 quod
571 527 648 590 dicit
665 529 872 610 negationem
888 536 982 618 extra
998 547 1102 608 genus

138 635 394 718 praedicamenti,
418 635 494 716 quia
518 655 583 697 non
607 644 655 697 est
679 635 720 697 ab
748 633 857 716 aliquo
880 654 940 696 nec
964 653 1020 715 per
1050 654 1105 715 ge-

139 743 339 805 nerationem
364 762 423 803 nec
447 762 505 823 per
535 741 756 822 spirationem,
790 761 848 803 nec
880 761 937 822 per
960 740 1104 821 aliquam

139 849 399 931 productionem,
423 847 524 910 etsie
547 847 730 929 ingenitum
753 847 910 928 competit
928 847 986 908 soli
1007 846 1103 908 Patri.

138 956 216 1018 Alio
240 955 331 1018 inodo
354 955 471 1017 dicitur
487 954 669 1035 ingenitum
687 963 783 1034 prout
800 953 876 1015 dicit
896 953 1104 1035 negationem

68 1095 73 1100 ·
138 1061 221 1125 iufra
244 1075 365 1144 genus
382 1062 464 1123 idest
486 1060 667 1123 secundum
691 1061 781 1142 quod
798 1070 896 1142 negat
912 1081 1013 1122 unum
1037 1081 1104 1121 mo·

138 1170 220 1231 dum
244 1168 455 1252 producendi,
480 1169 536 1249 qui
559 1169 677 1231 dicitur
702 1167 875 1250 generatio¹
900 1176 932 1229 et
956 1167 1000 1228 sic
1032 1166 1105 1248 Spi-

139 1276 220 1338 ritus
236 1275 375 1339 Sanctus
399 1283 506 1357 potest
528 1275 590 1339 dici
608 1275 771 1357 ingenitus
794 1274 951 1356 quianon
976 1295 1106 1355 genera·
1155 1321 1161 1328 .

138 1392 202 1445 tur.
227 1382 304 1445 Alio
328 1383 419 1444 niodo
442 1382 559 1444 dicitur
583 1382 765 1464 ingenitum
790 1391 889 1463 prout
912 1381 989 1443 dicit
1006 1402 1102 1463 nega-

138 1490 263 1551 tionem
292 1488 515 1570 productionis
538 1489 571 1551 in
603 1489 760 1551 rationem
794 1487 922 1550 termini
953 1487 1103 1570 producti

140 1595 333 1670 totaliter‚ut
355 1595 498 1658 totalitas
520 1595 634 1677 aspicit
657 1595 958 1676 suppositum‚puta
982 1594 1104 1657 incom-

141 1698 371 1766 municabilem
390 1702 654 1774 subsistentiam,
687 1712 720 1764 et
755 1701 799 1763 sic
829 1701 966 1764 essentia
997 1710 1105 1784 potest

139 1807 206 1870 dici
230 1808 385 1890 ingenita.

207 2022 271 2088 De
293 2022 484 2088 sectando
499 2021 766 2106 princepali,
789 2023 907 2085 scilicet
930 2023 955 2085 si
981 2022 1105 2104 ingeni-

139 2137 212 2190 tum
242 2138 292 2190 est
328 2129 508 2211 proprietas
540 2129 652 2203 Patris
686 2129 764 2192 dicit
794 2150 859 2191 una
890 2129 1000 2212 opinio
1027 2130 1104 2191 duo:

138 2234 265 2308 Primo,
289 2236 379 2317 quod
402 2235 585 2318 ingenitum
609 2237 739 2318 proprie
763 2257 828 2299 non
852 2237 930 2298 dicit
961 2236 1105 2318 proprie-

139 2350 244 2403 tatem
267 2343 470 2424 personalem
494 2343 571 2425 quia
594 2342 670 2405 nihil
696 2343 772 2405 dicit
786 2343 1018 2426 proprietatem
1036 2364 1104 2425 per-

138 2449 287 2510 sonalem
310 2448 370 2510 uisi
394 2449 483 2530 quod
507 2459 632 2532 spectat
655 2448 696 2511 ad
730 2449 941 2532 dignitatem
974 2450 1030 2512 sed
1062 2449 1107 2512 in-

138 2553 288 2636 genitum
324 2575 401 2618 cum
436 2555 523 2618 dicat
562 2556 770 2639 negationem
805 2577 871 2619 non
902 2565 1028 2638 spectat
1062 2557 1104 2619 ad

138 2661 353 2744 dignitatem
377 2682 457 2744 ergo
470 2683 535 2724 non
548 2663 626 2724 dicit
638 2663 868 2744 proprietatem
882 2664 1085 2745 personalem
1097 2684 1105 2740 ;

137 2769 276 2831 secundo
299 2768 377 2832 dicit
400 2770 490 2851 quod
514 2769 696 2852 ingenitum
721 2770 798 2832 dicit
811 2771 1040 2852 proprietatem
1059 2793 1106 2833 ra-

138 2875 229 2938 tione
251 2875 419 2938 connotati
442 2875 638 2958 inquantum
669 2885 825 2939 connotat
860 2875 1106 2941 foecunditatem

138 3001 218 3063 quae
241 2981 346 3044 estin
371 2982 466 3044 Patre
490 2991 637 3064 respectu
661 2983 878 3064 generationis
902 2984 974 3046 Filii
985 2994 1019 3046 et
1035 3005 1108 3068 pro·

136 3087 304 3150 ductionis
328 3086 468 3169 Spiritus
492 3088 613 3152 Sancti.

212 3191 331 3258 Contra
347 3195 497 3276 primum
528 3196 663 3268 dictmn,
700 3195 850 3277 objicitur
878 3198 955 3279 quia
979 3198 1004 3260 si
1029 3191 1104 3281 p'ro-

138 3300 260 3384 prietas
282 3301 459 3382 personalis
474 3301 552 3364 dicit
579 3301 773 3384 dignitatem
791 3303 857 3366 sive
889 3304 1103 3381 nobilitatem,

138 3427 218 3470 cum
242 3407 423 3489 proprietas
445 3408 542 3470 unius
565 3428 713 3489 personae
730 3410 853 3473 nonsit
877 3411 908 3472 in
925 3411 1035 3486 altera,
1061 3433 1107 3475 se-

139 3513 252 3596 quitur
275 3515 366 3596 quod
389 3514 511 3596 aliquid
544 3515 711 3597 dignitatis
733 3525 766 3578 et
797 3516 972 3580 nobilitatis
1007 3518 1104 3582 sitin

140 3640 207 3682 una
219 3641 357 3702 persona
369 3622 458 3703 quod
468 3641 534 3684 non
546 3621 587 3683 sit
599 3621 631 3684 in
647 3622 719 3684 alia.
729 3659 770 3670 —
790 3621 910 3686 Contra
921 3625 1107 3700 secundum,

136 3727 291 3809 objicitur
305 3727 372 3790 sic:
396 3728 583 3810 Ingenitum
599 3737 656 3791 aut
676 3739 833 3793 connotat
855 3730 1104 3795 foecunditatem
