2684 4209
207 221 271 281 206
467 220 542 284 Lrn.
567 217 581 282 1
608 220 904 283 Snnrnurrnnou

256 424 479 510 errantum
504 425 569 490 ad
587 425 793 518 primum
824 434 874 487 est
903 441 985 491 uno
1015 421 1147 509 opinz'o

176 553 258 615 quae
282 531 360 594 dicit
383 533 459 594 istas
483 532 564 594 duas
588 532 819 613 productiones
835 530 990 613 distingui
1013 552 1070 612 per
1085 541 1152 593 ter-

161 640 286 702 'minos
310 639 425 701 totales
440 639 482 700 ad
495 659 577 720 quos
593 647 678 710 sunt,
703 638 780 719 quia
803 659 868 709 una
884 647 933 700 est
955 638 997 699 ad
1016 637 1167 721 Filium„

182 747 242 808 alia
266 746 307 807 ad
333 745 489 826 Spiritum
515 746 683 809 Sanctum.
708 781 753 792 —
777 746 825 806 Et
855 745 1071 828 confirmatur
1092 765 1153 826 per

182 852 417 933 Philosophum
445 869 478 934 5.
505 851 605 930 Plcys.
638 852 694 932 qui
725 851 818 933 ponit
851 861 960 913 motus
990 851 1057 912 sive
1079 850 1153 912 vias

182 959 335 1040 distingui
367 979 423 1039 per
458 959 630 1034 terminos;
663 957 719 1020 sed
753 957 921 1040 generatio
950 967 983 1019 et
1014 957 1154 1038 spiratio

175 1077 257 1127 sunt
281 1066 342 1126 viae
365 1066 407 1126 ad
431 1085 601 1146 personas;
627 1086 716 1146 ergo,

253 1169 381 1235 Contra.
406 1172 638 1234 Productiones
662 1192 737 1253 quae
770 1191 835 1233 non
860 1172 984 1234 habent
999 1191 1069 1233 esse
1092 1192 1153 1253 per

182 1278 337 1341 terminos
361 1298 426 1340 non
450 1278 694 1360 distinguuntur
718 1299 775 1359 per
797 1279 954 1341 terminos
976 1278 1026 1339 vel
1050 1298 1151 1359 penes

181 1385 346 1458 terminos,
370 1385 446 1466 quia
469 1385 585 1447 eodem
618 1385 719 1446 niodo
748 1395 797 1448 est
827 1385 949 1466 aliquid
980 1405 1037 1446 ens
1059 1393 1092 1446 et
1116 1406 1152 1445 u·

182 1511 261 1552 num
297 1511 340 1552 ex
363 1512 394 1574 4.
432 1490 577 1572 Metaplz.
610 1491 667 1552 sed
710 1492 779 1554 istae
811 1491 1041 1573 productiones
1083 1511 1149 1553 non

183 1597 304 1660 habent
327 1618 395 1659 esse
426 1618 482 1678 per
514 1597 680 1677 terminos,
711 1599 767 1660 sed
789 1598 910 1660 habent
940 1617 1009 1659 esse
1039 1597 1152 1678 seipsis

182 1703 375 1779 formaliter;
400 1725 487 1786 ergo
513 1741 557 1751 —
580 1705 753 1778 Proeterea,
769 1715 877 1766 motus
902 1725 967 1766 non
991 1703 1151 1785 distingu-

184 1821 283 1872 untur
307 1831 406 1892 penes
429 1812 584 1873 terminos
609 1811 667 1872 nisi
693 1812 747 1873 ubi
772 1811 878 1873 forma
896 1811 998 1873 fluens
1021 1820 1070 1872 est
1085 1810 1152 1890 eju·

176 1917 273 1978 sdenr
299 1917 430 1979 rationis
454 1938 529 1979 curn
561 1916 666 1979 forma
697 1919 909 1980 terminante:
934 1918 991 1979 sed
1023 1917 1054 1978 in
1079 1937 1153 1998 pro

183 2024 289 2104 posito
313 2024 478 2105 generatio
502 2045 576 2105 quae
601 2034 649 2085 est
674 2025 734 2097 via,
760 2045 827 2086 non
851 2033 900 2086 est
933 2023 1080 2104 ejusdem
1105 2045 1152 2085 ra·

182 2129 278 2191 tionis
302 2151 377 2192 cunr
402 2130 550 2214 termino,
575 2130 651 2211 quia
677 2131 842 2212 generatio
872 2141 921 2192 est
945 2130 1066 2201 relatio,
1092 2139 1153 2192 ter-

184 2236 290 2297 minus
314 2246 423 2298 autem
448 2257 523 2299 curn
548 2236 589 2298 sit
612 2237 749 2298 essentia
772 2247 820 2298 est
843 2237 922 2318 quid
946 2236 1151 2309 absolutum

179 2362 261 2424 ergo
286 2363 350 2404 non
375 2343 582 2424 distinguitur
606 2364 625 2404 a
648 2344 824 2424 spiratione
853 2363 952 2424 penes
983 2343 1150 2404 terminos.

227 2445 313 2515 Ideo
336 2454 393 2514 est
413 2447 493 2515 olio
516 2447 647 2534 opinio
681 2449 852 2512 Gothfredi
890 2448 1040 2524 erodlib.
1065 2468 1096 2533 7.
1120 2471 1150 2530 q.

183 2574 227 2637 4.,
255 2555 310 2637 qui
334 2555 412 2617 dicit
442 2557 518 2617 istas
550 2557 781 2638 productiones
812 2555 968 2638 distingui
1001 2575 1058 2637 per
1088 2555 1152 2618 hoc

185 2672 264 2742 puta
293 2663 382 2743 quod
415 2663 580 2744 generatio
611 2673 659 2724 est
690 2663 732 2725 ab
765 2683 829 2724 una
861 2683 999 2744 persona
1031 2673 1111 2744 puta
1134 2684 1153 2723 a

185 2768 288 2841 Patre,
313 2768 444 2849 spiratio
469 2779 578 2831 autem
610 2791 629 2830 a
653 2770 783 2832 duabus
815 2768 959 2849 personis
991 2768 1153 2832 sciliceta

185 2875 279 2936 Patre
302 2884 335 2936 et
360 2874 450 2936 Filio.

256 2977 384 3044 Contra.
411 2981 582 3043 Distinctio
614 2982 858 3064 suppositorum
892 2981 923 3042 in
955 2982 1075 3062 quibus
1106 2993 1156 3044 est

184 3087 271 3149 idem
296 3087 490 3169 principium
521 3109 591 3168 qun,
629 3109 694 3150 non
726 3098 775 3149 est
807 3109 905 3150 causa
937 3088 1156 3151 distinctionis

185 3193 438 3274 productionum
463 3194 592 3256 alterius
616 3195 757 3256 rationis
783 3194 983 3274 Exemplum
1007 3195 1098 3276 quod
1126 3196 1152 3257 si

184 3300 298 3361 eadem
323 3300 438 3362 albedo
463 3321 599 3362 numero
623 3311 706 3363 esset
729 3302 761 3363 in
784 3322 871 3382 equo
893 3309 926 3362 et
951 3301 1057 3382 lapide
1087 3322 1155 3364 non

184 3417 266 3469 esset
291 3407 483 3488 principium
508 3408 638 3469 visionis
662 3408 791 3470 alterius
808 3408 957 3470 rationis:
982 3408 1039 3469 sed
1064 3407 1095 3468 in
1114 3408 1153 3470 is-

183 3513 225 3576 tis
248 3513 421 3595 suppositis
451 3523 500 3576 est
531 3514 616 3577 idem
649 3514 844 3597 principium
876 3535 959 3596 qun·
991 3534 1081 3595 ergo,
1111 3549 1158 3560 -

186 3620 360 3692 Prcoterea,
389 3621 571 3682 secundum
597 3621 692 3682 istam
717 3621 803 3683 viam
828 3630 960 3702 possent
983 3619 1060 3702 poni
1085 3617 1157 3681 infi-
