2684 4209
283 320 345 397 388
570 317 646 382 Lm.
670 318 686 380 I
710 317 1006 381 Sannanrmnum

256 522 348 605 quod
372 523 464 585 Deus
486 523 716 585 determinaret
739 522 943 585 voluntatem
967 542 1075 584 meam
1099 521 1146 582 ad
1173 541 1227 582 ac-

257 640 329 692 tum
355 630 566 703 meritorium,
598 630 655 711 qui
679 640 770 692 actus
804 639 853 691 est
876 629 1078 710 contingens,
1107 639 1144 690 et
1181 627 1224 688 sic

256 737 380 800 tollitur
408 737 539 800 libertas
568 736 754 799 voluntatis.
778 772 823 784 —
853 736 962 798 Aliud
995 735 1136 798 dubium
1167 744 1227 806 est.

259 864 359 926 quare
383 844 456 925 plus
479 843 673 906 determinat
702 843 833 906 Petrum
864 844 906 904 ad
946 843 1081 916 bonum,
1123 862 1221 923 quarn

257 960 388 1023 sortem,
412 970 489 1012 cum
514 950 628 1012 Petrus
650 959 683 1012 et
705 959 807 1012 sortes
830 949 874 1012 sic
898 970 932 1010 se
956 949 1099 1011 habeant
1132 948 1219 1029 quod

258 1057 384 1119 nullum
408 1057 448 1118 sit
472 1057 745 1138 impedimentum
768 1076 813 1118 ex
835 1065 927 1137 parte
942 1056 1088 1137 ipsorum
1115 1055 1148 1116 in
1177 1075 1228 1116 re-

258 1163 407 1245 cipiendo
431 1164 529 1225 talem
553 1162 868 1224 determinationem.

324 1269 383 1332 Ad
397 1269 546 1350 primum
570 1269 644 1332 dico
667 1269 758 1350 quod
795 1290 871 1331 cum
900 1271 991 1332 Deus
1025 1267 1220 1330 determinat

262 1377 360 1440 istum
384 1377 426 1438 ad
450 1376 585 1449 bonum,
610 1396 676 1438 non
700 1385 832 1457 propter
856 1375 919 1437 hoc
942 1373 1064 1437 tollitur
1093 1375 1222 1436 libertas

257 1483 432 1545 voluntatis
454 1483 736 1564 quemadmodum
749 1482 781 1544 in
794 1483 911 1544 sanctis
923 1491 955 1544 et
967 1481 1169 1544 confirmatis
1190 1481 1219 1542 in

258 1589 361 1670 gratia
397 1589 539 1670 ponitur,
583 1589 627 1650 ita
657 1590 747 1670 quod
780 1609 843 1650 non
876 1597 1013 1670 possunt
1045 1588 1220 1650 mortaliter

258 1716 402 1777 peccare,
433 1705 466 1757 et
497 1704 606 1758 tamen
638 1705 703 1758 stat
726 1697 854 1759 libertas
885 1695 1069 1758 voluntatis.
1095 1731 1141 1742 —
1163 1695 1219 1755 Ad

257 1803 432 1865 secundum
446 1803 519 1865 dico
532 1823 589 1885 per
606 1803 907 1866 Commentatorem
919 1821 951 1886 4.
964 1801 1114 1883 Metapa.
1131 1803 1218 1883 quod

258 1909 483 1991 indisciplinati
507 1918 556 1972 est
579 1910 728 1973 omnium
753 1929 898 1991 quaerere
921 1930 1043 1980 causas,
1068 1918 1100 1971 et
1119 1909 1221 1989 Magi·

259 2025 322 2077 ster
347 2017 382 2077 in
405 2035 436 2078 2.
462 2015 551 2081 Sent.
576 2016 652 2078 dicit
676 2017 765 2097 quod
790 2036 855 2078 non
878 2025 926 2078 est
950 2017 1128 2097 quaerenda
1148 2036 1228 2077 cau·v

259 2142 294 2183 sa
317 2122 493 2184 voluntatis
516 2122 645 2184 divinae.
670 2123 715 2184 Et
747 2122 954 2204 Augustinus
993 2133 1088 2202 super
1125 2122 1220 2185 Joarr.

259 2227 345 2290 dicit:
371 2227 481 2309 Quare
505 2227 591 2291 hunc
614 2229 731 2301 trahat,
749 2229 838 2290 ilium
855 2249 932 2291 vero
948 2249 1013 2290 non
1029 2227 1147 2298 trahat,
1166 2249 1222 2289 no

260 2333 280 2395 li
304 2334 481 2414 dijudicare
504 2335 529 2396 si
553 2356 619 2397 non
643 2335 692 2397 vis
715 2355 829 2410 errare;
854 2345 963 2397 tamen
988 2335 1012 2396 si
1036 2335 1145 2415 aliqua
1175 2345 1221 2395 est

259 2460 365 2513 causa,
378 2441 502 2502 dicetur
514 2440 645 2503 inferius
661 2441 693 2502 in
712 2440 832 2516 Quoest.
857 2442 896 2503 de
919 2441 1219 2504 predestinationi

327 2653 388 2715 Ao
412 2667 556 2715 nmmum
588 2667 815 2727 nnmcnnnn,
840 2653 912 2716 dico
928 2655 1017 2735 quod
1037 2652 1220 2715 futurorum

260 2759 517 2840 contingentium
536 2769 666 2821 nonest
686 2760 899 2822 determinata
915 2761 1039 2831 veritas
1058 2760 1140 2822 idest
1155 2779 1219 2820 non

259 2875 307 2927 est
330 2866 543 2928 determinata
565 2867 682 2928 entitas
706 2867 736 2928 in
761 2887 804 2939 se,
829 2868 885 2929 sed
909 2867 940 2928 in
965 2866 1037 2938 alio,
1051 2866 1170 2928 scilicet
1189 2865 1220 2926 in

259 2971 427 3034 voluntate
449 2972 567 3046 divina,
591 2973 668 3054 quia
693 2971 723 3035 in
740 2993 778 3035 ea
801 2982 877 3034 sunt
900 2972 1123 3046 determinata,
1143 2992 1218 3033 cum

257 3079 408 3139 voluntas
431 3078 540 3140 divina
563 3079 603 3141 sit
627 3079 735 3161 prima
751 3079 1100 3162 causacontingentiae,
1119 3089 1153 3140 ut
1167 3099 1220 3159 pa-

260 3183 341 3246 tebit
364 3184 440 3246 dart.
464 3206 527 3266 seq.

326 3291 374 3352 Et
389 3299 451 3370 per
471 3289 529 3352 lroc
546 3301 638 3372 patet
659 3293 707 3354 ad
727 3288 1021 3374 secundumsquod
1038 3301 1167 3372 oportet
1180 3291 1220 3350 de

257 3396 522 3477 contingentibus
545 3399 702 3461 consiliari
727 3400 758 3460 in
783 3420 826 3471 se,
845 3399 989 3460 maxime
1023 3397 1098 3479 quia
1137 3417 1218 3478 prae-

259 3501 365 3564 visum
389 3505 550 3584 estquod
573 3505 724 3567 eveniant
748 3505 911 3568 mediante
934 3505 988 3567 tali
1012 3503 1154 3567 consilio.

326 3607 384 3668 Ad
404 3608 535 3669 tertium
560 3610 633 3672 dico
655 3611 745 3692 quod
770 3613 918 3692 quamvis
931 3612 1052 3692 possim
1071 3628 1218 3672 crasnon

256 3711 371 3772 sedere
393 3711 540 3776 absolute
564 3715 738 3796 loquend0,
756 3737 821 3778 non
834 3726 942 3779 tamen
966 3726 1015 3778 est
1026 3736 1139 3779 verum
1156 3713 1223 3776 fac-
