2684 4209
390 320 576 382 Drsrmcr.
601 319 646 382 111
672 319 818 401 Qumsr.
844 321 889 383 111
1080 339 1124 402 99

248 525 321 590 Ad
339 525 604 592 evidentiam
635 527 822 592 secundi
848 527 1044 592 Articuli·
1068 538 1146 591 sunt

180 633 326 694 notanda
349 633 507 714 quinque:

249 739 375 812 Primo,
403 740 492 820 quod
516 739 636 821 triplex
660 748 709 801 est
736 739 884 822 primitas
914 739 947 802 in
978 741 1145 822 cognosci-

180 845 309 919 bilibus,
334 846 411 927 quia
433 855 482 908 est
513 845 660 928 primitas
690 847 842 928 originis,
871 847 1081 927 perfectionis
1111 857 1144 910 et

178 953 428 1034 odcequationis.
455 952 506 1013 De
534 953 660 1014 duabus
684 953 808 1033 primis
838 952 1059 1034 primitatibus
1090 975 1144 1036 pa-

180 1069 228 1120 tet
251 1080 309 1139 per
332 1057 569 1141 Philosophum
593 1077 623 1140 9.
649 1059 808 1141 Motoplo,
837 1060 892 1121 ubi
914 1060 1033 1122 dicitur
1050 1061 1141 1142 quod

176 1185 217 1227 ea
247 1186 323 1246 quae
355 1175 431 1228 sunt
462 1166 570 1247 priora
603 1167 821 1248 generatione]
853 1176 930 1227 sunt
960 1167 1140 1249 posteriora

177 1271 385 1353 perfectione,
409 1281 442 1334 et
464 1293 483 1334 e
506 1292 673 1334 converso
700 1272 750 1334 De
774 1273 869 1334 tortia
893 1273 1068 1354 primitate,
1086 1295 1141 1356 pa-

177 1388 225 1440 tet
249 1399 305 1460 per
329 1378 566 1460 Philosophum
591 1397 620 1441 1.
653 1380 751 1450 Post„
787 1378 864 1460 quia
895 1380 1002 1460 passio
1033 1370 1168 1462 primo'

119 1489 122 1496 ’
176 1485 261 1547 inest
284 1485 431 1566 subjecto
454 1485 639 1567 adaequato,
665 1486 748 1548 sicut
772 1485 891 1547 habere
914 1493 979 1547 tres
999 1487 1137 1568 angulos

177 1593 268 1674 prius
291 1592 373 1654 inest
397 1592 561 1674 triangulo
585 1611 687 1673 quam
711 1591 866 1672 ysocheli.

245 1698 391 1761 Secundo
414 1709 462 1761 est
486 1700 679 1772 notandum,
704 1699 794 1780 quod
810 1699 957 1780 primitas
967 1700 1139 1781 perfectio-

177 1806 232 1868 nis
254 1826 297 1867 ex
321 1818 412 1888 parte
436 1807 661 1888 cognoscibilis
684 1816 734 1868 est
756 1807 890 1887 duplex,
915 1807 993 1887 quia
1017 1806 1142 1888 perlec-

177 1913 242 1974 tius
265 1913 464 1994 intelligibile
487 1923 595 1994 potest
617 1913 681 1975 dici
706 1913 755 1974 vel
777 1913 981 1993 simpliciter,
1015 1915 1065 1975 vel
1097 1934 1141 1976 se-

174 2019 321 2081 cundum
339 2019 587 2100 proportionem,
616 2020 700 2080 sicut
729 2019 846 2081 dicitur
877 2020 968 2100 quod
998 2019 1079 2081 visio
1110 2041 1142 2081 a·

178 2125 276 2207 quilae
300 2137 448 2206 respectu
472 2126 546 2188 solis
562 2137 611 2188 est
627 2123 798 2206 perfectior
814 2125 1016 2205 simpliciter,
1038 2145 1139 2206 quam

176 2232 260 2293 visio
284 2251 356 2293 mea
379 2243 526 2313 respectu
551 2232 711 2309 candelae3
735 2232 790 2292 sed
815 2232 895 2292 visio
918 2252 990 2293 mea
1006 2240 1054 2293 est
1071 2252 1140 2313 per-

177 2336 290 2399 fectior
322 2340 502 2400 secundum
527 2338 765 2420 proportionem
797 2347 944 2419 respectu
982 2339 1138 2413 candelae‚

176 2463 278 2526 quam
310 2445 391 2506 visio
421 2445 538 2526 aquilae
571 2453 718 2526 respectu
750 2444 834 2518 solis,
866 2446 943 2526 quia
974 2465 1038 2526 ego
1066 2445 1140 2526 plus

178 2550 285 2612 habeo
308 2552 488 2613 secundum
510 2551 754 2633 proportionem
772 2561 919 2632 respectu
936 2552 1080 2613 candelae
1097 2552 1138 2614 de

179 2657 312 2731 visione,
336 2678 436 2739 quam
462 2657 579 2720 habeat
602 2658 711 2740 aquila
733 2658 774 2719 de
791 2658 913 2719 visione
929 2667 1074 2739 respectu
1093 2678 1141 2719 so

177 2765 225 2826 lis.

250 2871 355 2934 Tertio
378 2880 427 2932 est
449 2871 632 2933 notandum
656 2871 747 2952 quod
771 2872 890 2953 triplex
913 2880 962 2932 est
984 2871 1138 2952 cognitio

174 2979 297 3040 scilicet
320 2977 471 3049 actualis
499 2977 681 3040 habitualis
707 2987 740 3039 et
771 2977 937 3039 virtualis.
970 2978 1015 3039 Et
1046 2998 1140 3040 voca·

175 3094 228 3148 tur
253 3085 398 3169 cognitio
413 3085 554 3147 actualis
569 3085 703 3166 quando
719 3084 886 3164 objectum
903 3104 1046 3166 praesens
1062 3094 1137 3147 actu

173 3192 368 3274 concipitur,
386 3191 540 3273 Cognitio
563 3189 744 3253 habitualis
760 3191 892 3273 quando
909 3191 1140 3279 objectumest

175 3319 320 3381 praesens
343 3298 528 3371 intellectui,
555 3297 598 3359 ita
622 3307 658 3359 ut
682 3297 864 3359 intellectus
895 3297 998 3378 possit
1027 3298 1137 3358 statim

175 3403 295 3467 habere
318 3414 430 3467 actum
454 3404 598 3466 elicitum
622 3403 709 3466 circa
733 3404 850 3486 ipsum.
884 3405 1038 3486 Cognitio
1069 3404 1138 3465 oir-

172 3512 277 3574 tualis
300 3511 433 3593 quando
457 3511 579 3593 aliquid
604 3511 793 3593 intelligitur
818 3511 850 3572 in
874 3512 993 3593 aliquo,
1011 3520 1047 3572 ut
1064 3531 1138 3593 pars

174 3617 271 3699 primi
295 3618 457 3693 intellecti,
483 3638 549 3680 non
573 3627 684 3680 autem
710 3629 746 3680 ut
769 3619 914 3701 primum
937 3618 1137 3679 intellectum

173 3725 242 3786 sive
265 3725 446 3805 cognitum,
476 3736 513 3786 ut
545 3725 707 3787 intellecto
739 3724 880 3800 homine,
913 3725 1138 3806 intelliguntur
