2684 4209
252 260 315 324 134
531 244 606 308 Lm.
631 243 645 306 Ι
670 244 965 308 Senrnnrrnnon

225 449 283 512 nisi
307 451 349 512 de
372 450 579 532 generatione
601 471 677 531 quae
700 448 856 531 accipitur
879 449 940 510 sub
964 449 1087 511 ratione
1116 469 1189 510 mn-

224 557 366 620 tationis.
385 557 519 619 Dictum
536 567 584 619 est
599 567 710 618 autem
726 558 816 638 quod
842 555 1007 639 generatio
1023 576 1088 617 non
1104 565 1191 618 tran-

224 661 339 726 stertui
368 684 426 726 nec
458 663 590 746 ponitur
620 663 651 724 in
684 663 800 725 divinis
831 663 955 725 ratione
986 662 1186 738 mutationis,

151 819 154 828 .
223 770 280 833 sed
304 771 365 833 sub
389 771 514 832 ratione
531 771 766 852 productionis.

290 877 500 940 Antonium
525 898 609 959 nego
633 870 906 960 majorcquuia
934 877 1048 958 primae
1077 887 1190 958 poten-

226 983 280 1046 tiae
304 985 419 1046 activae
444 1004 510 1046 non
542 985 773 1066 correspondet
803 986 911 1066 aliqua
943 985 1088 1066 potentia
1118 1004 1189 1065 pas-

224 1089 301 1164 siva,
325 1111 401 1172 quae
425 1091 466 1152 sit
491 1091 623 1153 materia
647 1092 698 1153 vel
722 1092 814 1172 quasi
845 1091 987 1153 materia.

291 1197 350 1260 Ad
369 1206 522 1278 quartum
547 1197 620 1260 dico
644 1199 734 1279 quod
758 1199 783 1259 si
800 1198 883 1279 ignis
898 1207 981 1260 esset
996 1217 1097 1279 agens
1116 1217 1188 1278 per-

225 1301 356 1377 fectum,
381 1313 413 1366 et
436 1304 477 1366 de
500 1313 570 1366 tota
593 1325 652 1367 sua
676 1304 856 1366 substantia
879 1314 1047 1387 generaret
1068 1304 1187 1386 ignem,

225 1429 291 1472 non
315 1411 359 1472 sic
383 1411 513 1492 proprie
547 1411 586 1473 do
609 1411 658 1472 vel
683 1433 725 1473 ex
750 1413 894 1485 materia,
919 1411 975 1472 sed
998 1411 1026 1472 ei
1042 1431 1190 1472 commu·

225 1515 364 1579 nicando
387 1518 563 1579 terminum
588 1517 769 1592 formalem,
794 1539 869 1600 quae
893 1527 941 1580 est
965 1537 1023 1579 sua
1039 1517 1188 1578 substan·

228 1623 282 1697 tia,
307 1643 372 1686 non
396 1634 480 1686 esset
503 1645 562 1685 sna
578 1625 757 1686 substantia
782 1625 812 1686 in
830 1625 974 1705 potentia
990 1624 1032 1686 ad
1049 1622 1189 1686 formam

224 1730 413 1812 generandi;
440 1731 530 1792 Deus
561 1740 670 1793 autem
702 1742 751 1793 est
781 1732 844 1793 tale
868 1751 969 1813 agens
997 1729 1187 1812 perfectum,

224 1853 289 1897 non
314 1856 370 1917 per
394 1837 609 1898 mutationem
622 1857 733 1919 agene,
750 1836 823 1898 idco
843 1838 1065 1899 communicat
1085 1856 1190 1898 essen-

223 1939 302 2003 tiam
325 1951 495 2023 tamquam
525 1943 699 2004 terminum
732 1943 901 2005 formalem
941 1964 1006 2005 non
1045 1963 1191 2026 praesup-

224 2047 329 2129 posita
354 2049 488 2111 materia
512 2050 560 2110 vel
586 2050 678 2130 qnasi
703 2050 847 2112 materia.

291 2260 351 2322 Ao
376 2274 519 2324 rernm-1
545 2275 773 2335 mmmmm,
799 2271 888 2344 patet
910 2283 953 2324 ex
983 2263 1076 2325 dictis
1096 2264 1188 2345 quod

223 2363 258 2446 ly
292 2368 330 2429 de
354 2389 418 2430 non
442 2368 519 2430 dicit
552 2368 686 2450 praecise
716 2370 1096 2442 consubstantialitatem,
1128 2370 1186 2432 sed

221 2471 299 2535 dicit
323 2483 507 2555 utrumque.
533 2475 602 2537 Sub
628 2475 690 2536 hoc
714 2496 819 2549 sensu,
846 2475 946 2537 Filius
970 2486 1018 2538 est
1042 2479 1083 2538 de
1114 2477 1190 2539 suti

223 2580 340 2641 stantia
372 2582 482 2654 Patris,
511 2581 594 2642 idest
627 2581 729 2643 Filius
761 2581 938 2664 originatur
969 2605 989 2644 a
1020 2584 1123 2656 Patre,
1155 2593 1191 2647 et

223 2687 521 2750 consubstantians
544 2688 582 2749 ci.
