2684 4209
377 262 563 327 D1srmcr.
587 263 686 327 XVII
710 261 857 345 Qurnsr.
881 264 912 327 11
1055 281 1120 346 229

171 469 254 533 dicit
277 470 318 532 de
341 468 454 532 habitu
479 468 594 544 infuso,
619 469 711 552 quod
741 470 783 533 sit
805 490 903 533 causa
936 469 1045 533 totalis
1067 470 1143 533 suh

172 576 305 641 stantiae
329 586 420 639 actus
443 584 476 639 et
498 576 716 659 expeditionis
743 576 776 639 in
799 585 885 651 actu,
909 576 1073 660 arguitur.

242 684 359 747 Primo
381 683 443 746 sic:
480 683 563 747 Illud
598 682 667 746 sine
703 703 770 765 quo
804 683 926 766 aliquid
953 683 1141 765 simpliciter

173 810 244 854 non
278 798 395 872 potest,
420 798 452 853 et
475 811 551 853 cum
564 810 632 873 quo
655 789 843 871 simpliciter
866 798 984 872 potest,
1008 799 1058 853 est
1085 811 1142 872 po

172 898 277 960 tentia
311 897 361 959 vel
398 917 472 978 pars
506 897 663 978 potentia:
670 918 679 974 ;
703 897 761 959 sed
792 896 860 959 sine
884 896 997 959 habitu
1020 897 1143 979 simpli·

175 1004 254 1066 citer
266 1023 331 1066 non
341 1023 526 1085 possumuS,
540 1024 617 1066 cum
631 1002 744 1066 habitu
758 1002 944 1085 simpliciter
956 1023 1139 1085 possumus:

173 1130 256 1192 ergo
281 1109 411 1172 habitus
435 1119 484 1172 est
507 1110 662 1192 potentia,
687 1110 737 1172 vel
754 1130 829 1192 pars
852 1110 1018 1191 potentiae,
1047 1109 1141 1191 cujus

176 1217 368 1299 oppositum
392 1216 471 1279 dicit
494 1215 713 1299 Philosophus
735 1235 766 1281 2.
799 1215 909 1279 Ethic.

244 1323 417 1398 Proeterea,
441 1324 550 1386 omnis
573 1322 679 1385 forma
701 1343 777 1406 quae
800 1332 850 1386 est
872 1323 1033 1386 sufficiens
1057 1323 1141 1405 prin-

173 1430 299 1512 cipium
312 1430 447 1511 alicujus
459 1430 604 1505 actionis,
621 1431 646 1493 si
663 1450 721 1513 per
736 1450 771 1494 se
782 1438 840 1505 est,
858 1438 966 1512 potest
977 1449 1074 1513 agere
1086 1431 1141 1493 illa

173 1537 317 1614 actione;
342 1537 399 1599 sed
434 1535 565 1599 habitus
598 1546 648 1599 est
682 1557 739 1619 per
773 1556 808 1599 se
830 1536 991 1599 sufficiens
1026 1537 1141 1619 princi-

175 1644 268 1727 pium
292 1643 483 1707 substantiae
507 1652 616 1721 actus;
641 1664 721 1725 ergo
744 1643 769 1705 si
792 1651 876 1705 esset
902 1642 1018 1725 aliquis
1052 1642 1141 1705 habi·

174 1760 231 1814 tus
252 1759 419 1831 separatus
442 1760 552 1832 posset
575 1770 632 1833 per
656 1770 691 1812 se
721 1749 856 1831 operari.

243 1857 416 1932 Ρνιετενεα,
429 1857 483 1919 illa
506 1856 590 1919 actio
614 1876 680 1919 non
704 1864 753 1919 est
777 1856 875 1918 libera
898 1855 992 1937 cujus
1026 1857 1140 1938 princi-

175 1964 268 2046 pium
291 1965 436 2027 activum
460 1964 560 2027 totale
582 1973 631 2026 est
648 1983 737 2027 mere
760 1963 920 2040 naturale;
948 1982 1028 2046 ergo
1051 1964 1140 2026 nulla

172 2070 260 2133 actio
285 2092 373 2134 mere
395 2080 478 2134 esset
493 2071 602 2134 libera.

242 2178 416 2252 Praeterea,
440 2179 585 2261 sequitur
608 2177 700 2259 quod
728 2177 850 2240 habens
881 2177 980 2239 semel
1004 2177 1140 2239 charita·

171 2292 242 2347 tem
267 2305 436 2367 nunquam
461 2293 570 2367 posset
593 2304 728 2366 peccare
751 2283 938 2358 mortaliter,
977 2284 1068 2365 quod
1090 2293 1140 2347 est

176 2389 345 2454 manifeste
368 2390 495 2454 falsum.
526 2389 758 2472 Consequentia
785 2390 953 2473 probatur,
976 2390 1054 2471 quia
1082 2390 1139 2452 ha-

173 2496 255 2559 bens
278 2496 418 2559 sormam
443 2497 737 2579 praedominantem
754 2518 822 2560 suae
849 2496 969 2560 actioni
992 2516 1059 2559 non
1083 2518 1139 2579 po-

171 2612 238 2667 test
261 2604 384 2667 moveri
408 2613 521 2667 contra
547 2604 789 2667 inclinationem
813 2604 897 2666 illius
913 2603 1038 2678 formae,
1055 2602 1138 2666 sicut

173 2718 265 2792 patet
298 2712 340 2773 de
374 2711 565 2794 corporibus
600 2704 712 2773 mixtis
745 2712 778 2773 in
810 2711 928 2793 quibus
951 2710 1138 2773 dominatur

169 2824 268 2891 terra,
293 2838 368 2899 quae
393 2838 458 2880 non
484 2826 622 2900 possunt
644 2838 688 2880 ex
711 2838 745 2879 se
777 2818 899 2880 moveri
915 2838 1056 2895 sursum;
1080 2818 1138 2879 sed

169 2922 200 2985 si
235 2923 373 2987 charitas
389 2925 457 2987 sive
474 2924 603 2986 habitus
619 2934 704 2986 esset
719 2925 914 3006 principium
931 2925 1030 2987 totale
1046 2934 1139 2987 actus

170 3030 466 3112 praedominaretur
490 3031 522 3093 in
547 3031 676 3093 actione
700 3032 872 3106 meritoria,
896 3033 990 3094 etsie
1014 3030 1138 3094 habens

167 3157 245 3199 eam
272 3158 338 3200 non
362 3148 472 3221 posset
495 3160 538 3201 ex
562 3158 596 3201 sc
625 3140 749 3200 moveri
773 3139 814 3201 ad
838 3141 1047 3202 contrarium.

242 3350 348 3418 Ideo
381 3356 450 3418 est
481 3352 578 3420 alia
615 3354 768 3437 ope'm'o
801 3355 891 3437 quod
927 3353 1057 3417 habitus
1087 3365 1137 3419 est

169 3477 273 3521 eausa
295 3459 483 3523 intensionis
500 3461 532 3522 in
548 3470 633 3535 actu,
651 3470 684 3523 et
708 3462 853 3543 potentia
876 3470 924 3523 est
947 3482 1045 3524 causa
1061 3464 1138 3527 sub-

171 3566 302 3627 stantiae
326 3575 427 3641 actus,
457 3566 500 3628 ita
516 3568 607 3649 quod
623 3569 753 3631 duobus
769 3569 800 3631 in
828 3568 943 3631 effectu
960 3578 1041 3651 puta
1064 3572 1139 3634 sub-
