2684 4209
378 224 567 287 Drsrmcr.
595 225 642 287 XI
666 224 814 307 Quasr.
839 226 869 287 11
1046 240 1104 307 195

162 342 218 350 -—-

149 438 245 510 part.
272 428 363 492 Sum.
388 450 417 511 q.
441 445 495 512 43.
509 440 571 491 art.
586 448 616 511 9.
634 430 724 511 quod
740 430 903 511 processio
927 429 959 491 in
972 430 1128 493 creaturis

162 556 230 599 uno
255 536 354 598 modo
377 536 494 597 dicitur
518 536 549 597 in
573 536 663 597 exitu
690 544 799 598 motus
823 537 932 599 localis
956 536 1012 617 qui
1036 546 1128 600 esta

161 642 302 705 termino
326 662 431 737 atquo
453 642 496 704 ad
520 644 696 705 terminum
724 643 773 705 ad
792 664 903 724 quarm
929 644 993 705 alio
1028 644 1129 707 modo
1244 722 1249 729 Ι

160 748 279 811 dicitur
304 749 335 810 in
370 749 460 811 exitu
485 750 607 812 causati
642 770 661 811 a
696 770 804 821 causa,
843 759 876 811 et
910 750 954 811 sic
995 750 1128 831 requirit

161 864 291 917 tantum
315 856 491 930 terminum
515 876 536 917 a
570 876 639 937 quo.
666 854 789 917 Graeci
808 866 918 918 autem
954 858 1126 919 transtule-

162 972 239 1025 runt
262 982 383 1024 nomen
407 962 619 1043 processionis
650 963 682 1025 in
717 963 833 1024 divinis
868 984 887 1025 a
922 964 1127 1045 processione

150 1068 268 1150 primo
291 1070 392 1141 modo,
431 1078 464 1130 et
498 1069 679 1131 secundum
714 1070 812 1131 istum
842 1070 979 1132 modum
1004 1081 1126 1152 negant

162 1176 321 1257 Spiritum
347 1174 504 1239 Sanctum
530 1176 704 1257 procedere
730 1197 749 1237 a
774 1175 866 1238 Filio.
884 1176 992 1238 Latini
1015 1186 1127 1240 autem

160 1291 358 1364 acceperunt
392 1282 630 1363 processionem
670 1282 809 1364 Spiritus
841 1282 951 1346 Sancti
989 1284 1126 1347 secundo

164 1390 266 1451 modo.

522 1582 699 1663 Qumsrro
723 1584 762 1645 ll.

230 1742 375 1807 Secundo
397 1744 566 1825 quaritur,
590 1745 666 1806 dato
693 1744 780 1825 quod
812 1743 959 1825 Spiritus
984 1744 1126 1809 Sanctus

162 1872 230 1913 reon
248 1851 432 1931 procederet
453 1871 474 1912 a
498 1851 593 1913 Filio.

339 2008 445 2064 Utrum
463 2008 690 2075 distingueretur
707 2008 827 2064 realiter
843 2008 881 2063 ub
899 2024 941 2064 eo.

229 2136 368 2198 Videtur
384 2136 473 2218 quod
491 2157 566 2209 non,
580 2136 657 2217 quia
674 2136 897 2198 Damascenus
910 2136 987 2198 dicit
1007 2136 1079 2199 Lib.
1094 2155 1123 2200 t.

159 2242 386 2325 quodomnia
408 2252 485 2305 sunt
508 2263 612 2305 unum
636 2243 667 2305 in
692 2233 817 2315 divinis,
843 2243 898 2305 ubi
922 2263 988 2304 non
1014 2243 1125 2307 obviat

164 2349 325 2411 relationis
352 2349 524 2431 oppositio.
562 2348 627 2413 Sed
662 2349 688 2410 si
724 2348 862 2430 Spiritus
897 2349 1036 2412 Sanctus
1060 2371 1127 2413 non

162 2455 352 2537 procederet
375 2477 394 2518 a
418 2456 511 2529 Fili0,
536 2476 601 2517 non
627 2455 760 2517 haberet
784 2456 973 2518 relationem
996 2458 1126 2538 opposi-

161 2572 232 2624 tam
256 2562 440 2644 adipsum.
466 2562 557 2645 Ergo
580 2582 645 2624 non
670 2563 923 2644 distingueretur
947 2563 1082 2626 realiter.

235 2666 354 2732 Contra
378 2669 586 2751 Augustinus
609 2687 661 2751 15.
687 2669 725 2731 dc
755 2670 844 2731 Trin.
868 2670 962 2732 dicit:
989 2669 1129 2751 Spiritus

165 2775 305 2839 Sanctus
329 2796 393 2837 non
418 2784 467 2838 est
491 2774 600 2849 Filius,
625 2776 703 2856 quia
736 2776 805 2837 exit
828 2777 997 2856 quomodo
1032 2777 1128 2840 datus

163 2902 229 2944 non
254 2883 425 2962 quomodo
450 2890 555 2945 natus.

231 2988 346 3051 CIRCA
369 3000 479 3051 isTAM
504 3001 752 3065 QUAESTIONEM
768 2997 844 3050 sunt
860 2988 935 3050 duae
957 2989 1129 3070 opiniones

162 3095 345 3157 contrariae.

237 3196 322 3268 Una
350 3196 509 3273 stromat,
547 3220 576 3264 Ι.
607 3212 642 3283 p.
667 3223 697 3282 q.
728 3200 785 3281 36.
810 3211 873 3264 art.
905 3220 935 3263 2.
961 3201 1016 3263 ubi
1052 3202 1129 3265 dicit

158 3309 254 3390 quod
277 3307 302 3369 si
328 3308 466 3390 Spiritus
490 3308 629 3373 Sanctus
658 3328 722 3370 non
755 3308 946 3390 procederet
979 3327 999 3370 a
1035 3307 1128 3381 Filio,

162 3435 230 3476 non
253 3414 505 3497 distingueretur
528 3437 547 3477 a
572 3415 664 3487 Fili0,
696 3416 787 3497 quod
803 3413 1001 3477 confirmant
1025 3416 1126 3497 aliqui

160 3519 349 3602 tripliciter:

230 3626 345 3691 Primo
368 3629 429 3691 sic:
455 3628 582 3691 Relatio
599 3638 656 3691 aut
679 3628 851 3711 distinguit
867 3630 1049 3692 secundum
1065 3650 1132 3693 esse
