2684 4209
412 267 589 351 Qunsrro
613 270 854 335 Pnomumars
989 228 1000 247 ⁰
1085 289 1108 352 9

158 474 365 557 Philosopho
388 475 445 557 qui
469 475 613 558 ponebat
636 476 748 539 Deum
771 497 868 559 agere
890 478 933 539 ad
960 487 1055 541 extra
1086 479 1129 541 de

158 582 354 645 necessitate
377 591 522 645 natura.-

230 685 296 756 Ad
323 686 502 757 ultimum
534 689 618 753 dicit
646 689 793 753 Thomas
820 691 911 773 quod
934 691 1060 754 diversa
1084 713 1131 753 ra-

156 795 209 857 tio
247 796 475 878 cognoscibilis
505 797 726 859 diversitatem
750 798 957 860 scientiarum
994 797 1128 872 inducit,

155 902 240 983 'quia
270 903 409 965 eandem
434 902 687 966 Conclusionem
719 903 921 966 demonstrat
944 905 1130 987 astrologus

163 1017 197 1071 et
220 1010 382 1083 naturalis,
407 1019 500 1091 puta:
525 1020 647 1071 terram
671 1030 736 1071 esse
765 1011 950 1085 rotundam,
979 1012 1130 1093 quamvis

158 1136 222 1197 per
245 1115 370 1178 diversa
394 1116 517 1190 media;
541 1116 641 1178 etsie
665 1115 743 1179 nihil
769 1117 919 1198 prohibet
941 1118 983 1179 de
1006 1118 1127 1180 eisdem

158 1222 435 1286 Conclusionibus
458 1233 596 1287 tractare
619 1223 835 1308 Theologiam
852 1234 886 1287 et
901 1224 1054 1307 physicas
1077 1225 1128 1286 di-

154 1328 322 1411 sciphum,
347 1330 379 1391 in
402 1330 465 1393 alio
488 1341 520 1394 et
551 1332 614 1393 alio
646 1331 778 1394 lumine.
799 1368 813 1379 -
837 1327 993 1399 Contra:
1026 1332 1050 1393 si
1083 1332 1127 1394 de

156 1437 436 1518 cognoscibilibus
460 1438 491 1499 in
515 1437 696 1520 Theologia
719 1448 767 1501 est
798 1439 957 1521 possibilis
985 1439 1129 1521 cognitio

156 1543 195 1605 rin
220 1542 289 1605 aliis
312 1543 459 1617 scientiis
484 1544 557 1607 licet
580 1545 612 1607 in
635 1545 699 1607 alio
723 1545 854 1618 lumine,
879 1566 959 1628 ergo
990 1559 1056 1607 non
1080 1554 1129 1607 est

155 1650 205 1711 de
239 1650 285 1711 eis
319 1650 495 1713 necessaria
537 1651 723 1732 simpliciter
758 1652 902 1734 cognitio
932 1651 1127 1733 theologica.

168 1753 400 1838 Consequentia
432 1758 588 1838 probatur
619 1779 676 1839 per
707 1759 898 1841 exemplum
921 1779 1029 1832 suum,
1053 1758 1129 1839 quia

155 1882 366 1944 cognoscens
389 1872 507 1927 terram
530 1885 600 1927 esse
631 1867 806 1927 rotundam
832 1886 889 1947 per
914 1866 1045 1927 mediun
1070 1886 1125 1927 na·

155 1969 276 2043 turale‚
308 1990 372 2032 non
397 1970 520 2053 indiget
552 1971 660 2033 medio
693 1971 924 2035 mathematico
954 1980 1128 2053 tamquam

156 2075 350 2157 simpliciter
383 2077 569 2139 necessario
601 2078 784 2159 Respondet
804 2078 950 2140 Thomas
973 2078 1034 2140 sic:
1059 2078 1130 2140 Ha-

164 2182 261 2254 bitus,
304 2191 337 2245 et
370 2192 419 2245 est
456 2182 588 2246 nalitus
621 2193 654 2246 et
698 2194 746 2246 est
769 2185 895 2265 soemo.
928 2184 1127 2266 Inquantum

163 2288 297 2351 leobitns
320 2272 680 2353 habet'distinctionem
705 2291 746 2352 ab
770 2292 909 2372 object0,
935 2292 1128 2373 inquantum

148 2396 274 2477 forma
298 2395 396 2459 habet
420 2396 658 2459 distinctionem
682 2418 702 2459 a
726 2398 883 2480 principio
899 2398 1015 2460 activo
1036 2398 1129 2460 Licet

164 2523 244 2584 ergo
268 2502 320 2565 hic
344 2523 409 2566 non
433 2512 515 2565 esset
538 2503 701 2566 distinctio
729 2525 773 2567 ex
805 2514 896 2586 parte
926 2505 1128 2587 objectorum,

162 2618 245 2671 esset
261 2618 371 2671 tamen
388 2610 551 2673 distinctio
566 2631 609 2672 ex
627 2620 719 2692 parte
734 2610 977 2693 principiorum.
994 2648 1017 2657 -
1043 2609 1129 2677 Con·

155 2718 241 2782 tra:
282 2715 403 2778 Forma
433 2726 482 2779 est
514 2717 722 2779 universalior
760 2717 883 2791 habitu,
916 2718 991 2800 quia
1022 2718 1129 2779 omnis

164 2821 295 2884 habitus
317 2832 366 2885 est
389 2822 493 2886 lorma
516 2833 549 2886 et
581 2844 646 2886 non
678 2846 695 2886 e
726 2845 901 2901 converso;
933 2824 990 2886 sed
1021 2824 1128 2905 aliqua

155 2949 233 2991 esse
255 2929 405 2992 distincta
428 2930 459 2993 in
484 2930 608 2993 ratione
631 2932 797 3012 superiori,
829 2941 862 2993 et
893 2931 983 2993 unita
1014 2931 1048 2993 in
1079 2952 1128 2992 ra·

154 3036 251 3098 tione
275 3035 422 3109 inferiori,
447 3046 495 3099 est
519 3038 735 3119 impossibile;
760 3059 839 3120 ergo
856 3037 1125 3118 impossibileest

155 3144 254 3224 quod
277 3144 385 3225 aliqua
408 3143 471 3206 sint
493 3145 650 3207 destincte
674 3145 706 3208 in
731 3146 854 3207 ratione
869 3145 1001 3226 sermo,
1032 3152 1064 3205 et
1096 3165 1129 3205 u-

157 3250 236 3313 nita
260 3250 291 3313 in
309 3249 432 3313 ratione
454 3250 595 3313 leebitzes.

230 3356 291 3419 AD
323 3370 467 3421 PRIMUM
499 3371 726 3432 PRINCIPALE,
760 3379 839 3440 nego
869 3357 1128 3438 consequentiam

154 3464 255 3545 cujus
278 3465 360 3527 ratio
383 3474 473 3545 patet
495 3486 539 3527 ex
562 3465 724 3528 solutione
749 3466 874 3547 quintae
907 3464 1037 3527 rationis
1068 3486 1130 3546 pro

157 3571 318 3652 opinione
341 3571 542 3654 Philosophi.

231 3672 296 3745 Ad
315 3675 535 3752 secundnm,
561 3678 634 3740 dico
657 3679 747 3760 quod
764 3678 909 3760 potentia
926 3686 1036 3739 nostra
1051 3698 1128 3759 pro-
