2684 4209
264 226 328 303 346
518 225 592 288 Lm.
617 226 631 288 1
655 225 949 290 Ssureurmnuu

239 453 306 495 non
330 431 436 495 differt
459 432 583 493 realiter
606 431 649 494 ab
673 432 828 510 essentia;
852 452 932 515 ergo
947 432 1056 495 differt
1081 443 1226 496 tantum-

240 540 423 602 secundum-
444 538 665 620 intelligentia:
690 539 858 601 rationem.

306 646 480 717 Frentana,
496 645 522 707 si
535 645 646 707 relatio
661 645 871 728 distinguitur
887 646 929 708 ab
941 647 1093 722 essentia,
1116 668 1229 728 opor·

239 762 287 817 tet
302 753 391 835 quod
414 761 544 815 tantum
568 752 786 834 distinguatur
801 753 844 815 ab
856 773 894 815 ea
914 763 1078 837 quantum
1098 755 1220 817 distin·
1316 832 1317 837 ἵ

240 860 349 942 guitur
372 859 414 921 ab
438 859 599 940 opposito,
624 859 701 941 quia
725 879 790 921 non
816 859 915 922 habet
937 881 1005 922 esse
1023 861 1083 923 nisi
1097 863 1144 923 ad
1159 883 1221 944 op-

240 967 399 1048 positum;
424 966 481 1028 sed
505 966 684 1048 proprietas
707 966 774 1028 sive
797 966 909 1028 relatio
933 967 1151 1050 distinguitur
1173 970 1223 1032 ab

239 1073 391 1155 opposito
415 1072 553 1149 realiter;
578 1093 657 1155 ergo
680 1072 932 1156 distingueretur
956 1074 1082 1136 realiter
1106 1075 1155 1137 ab
1168 1097 1219 1138 es

240 1181 351 1253 sentia,
375 1180 465 1262 quod
489 1190 537 1242 est
560 1178 688 1242 falsum.

305 1286 479 1358 Praeterea,
508 1287 641 1368 quando
664 1286 788 1368 aliquid
813 1297 924 1349 manet
951 1288 1033 1350 adeo
1072 1288 1163 1351 sicut
1188 1291 1215 1352 si

240 1413 304 1454 non
329 1393 486 1466 transiret,
511 1393 601 1454 nullo
626 1393 727 1454 modo
750 1393 864 1455 transit
888 1393 920 1456 in
937 1393 970 1455 id
983 1415 1001 1454 a
1015 1415 1082 1475 quo
1096 1415 1142 1456 ex
1158 1417 1221 1458 na-

238 1509 311 1561 tura
327 1521 387 1561 sua
409 1499 634 1580 distinguitur;
659 1500 716 1561 sed
740 1499 764 1560 si
789 1500 902 1562 relatio
926 1510 975 1563 est
998 1501 1155 1563 distincta
1167 1504 1214 1565 ab

238 1606 375 1668 essentia
399 1605 607 1687 distinguitur
626 1604 710 1668 sicut
733 1605 758 1667 si
783 1607 1023 1682 nontransiret;
1040 1628 1122 1690 ergo
1139 1611 1221 1672 nul·-

239 1711 270 1774 lo
295 1714 395 1775 modo
419 1712 542 1776 transit.
569 1712 633 1776 Sed
659 1713 722 1775 hoc
746 1723 794 1775 est
818 1712 952 1791 falsum;
975 1733 1056 1796 ergo
1080 1723 1113 1776 et
1126 1715 1212 1778 illud

237 1839 279 1881 ex
303 1841 370 1901 quo
393 1820 550 1901 sequitur.
575 1820 729 1881 Probatio
753 1819 891 1882 minoris
914 1820 991 1903 quia
1008 1821 1123 1883 relatio
1135 1843 1206 1885 non

237 1925 448 2011 distinguitur
472 1926 531 1987 nisi
560 1927 601 1988 ad
633 1926 733 2012 aliud,
757 1935 790 1988 et
813 1927 854 1988 de
877 1947 911 1988 se
934 1947 1064 2008 semper
1087 1938 1137 1990 est
1165 1929 1212 1991 ad

237 2032 336 2104 aliud,
361 2033 437 2114 quia
461 2053 526 2094 non
552 2032 650 2094 habet
674 2053 743 2095 esse
765 2033 962 2095 absolutum.

303 2139 475 2212 Proeterea,
500 2139 525 2201 si
550 2139 662 2202 relatio
687 2139 797 2221 aliquo
821 2140 922 2202 modo
946 2159 989 2202 ex
1014 2149 1132 2202 natura
1160 2142 1212 2203 rei*

236 2245 444 2328 distinguitur
467 2245 509 2307 ab
532 2247 679 2318 essentia,
704 2255 884 2327 sequuntur
899 2245 961 2308 tria
976 2245 1206 2310 inconvenien-

235 2352 289 2414 tia:
297 2352 446 2434 primum
463 2362 576 2415 contra
589 2352 794 2415 Decretalem
808 2352 928 2415 Extra.
946 2353 985 2415 de
998 2351 1089 2416 Sum.
1111 2353 1141 2415 T
1136 2354 1210 2416 rins

235 2458 275 2520 dc
288 2458 361 2540 fide
382 2456 552 2532 catholica,
578 2458 633 2521 ubi
657 2458 774 2520 dicitur
797 2458 888 2540 quod
920 2459 952 2521 in
984 2459 1101 2522 divinis
1125 2471 1205 2523 sunt

234 2573 313 2640 tres;
338 2565 394 2627 sed
417 2564 443 2626 si
467 2565 579 2627 relatio
603 2585 667 2627 non
692 2574 741 2627 est
765 2565 852 2627 idem
878 2586 954 2628 cum
978 2566 1128 2640 essentia,
1152 2587 1204 2629 se-

234 2671 344 2754 quitur
368 2673 457 2753 quod
481 2681 557 2734 sunt
580 2681 722 2753 quatuor
745 2694 803 2735 res.
830 2671 875 2736 Et
891 2673 935 2736 sic
958 2673 1105 2754 sequitur
1122 2674 1207 2736 ulte·

234 2778 299 2841 rius
320 2779 496 2841 secundum
520 2779 759 2853 inconveniens,
773 2779 863 2860 quod
877 2779 997 2842 ibimus
1009 2779 1041 2840 in
1057 2799 1201 2842 errorem

233 2885 376 2948 Abbatis
399 2885 558 2966 Joachim.
589 2885 733 2948 Tertium
758 2885 998 2959 inconveniens,
1023 2887 1115 2967 quod
1142 2886 1208 2948 ibi·
1317 2921 1318 2940 1

234 3012 307 3053 mus
331 2992 362 3054 in
379 3011 520 3054 errorem
538 2991 714 3065 Porretani,
727 2991 846 3054 scilicet
858 2993 948 3073 quod
964 2991 1135 3055 relationes
1151 3013 1201 3055 es-

230 3108 304 3161 sent
327 3098 528 3161 extrinsecus
550 3097 743 3162 assistentes.

299 3311 363 3376 Be
386 3310 515 3378 tertio
531 3310 740 3385 Arlc'culo,
753 3311 827 3374 dico
839 3311 921 3374 duas
933 3311 1101 3394 opiniones
1116 3333 1207 3394 prae·-

230 3419 383 3482 cedentes
405 3439 475 3480 esse
498 3417 601 3480 falsas
619 3418 677 3480 Ad
690 3417 783 3498 cujus
794 3418 1002 3492 evidentiam,
1013 3417 1125 3499 primo
1140 3441 1199 3502 po-

233 3544 276 3586 no
299 3509 388 3606 quod
412 3523 593 3606 proprietas
616 3545 681 3586 non
705 3533 754 3585 est
777 3523 864 3587 idem
887 3524 1028 3587 totaliter
1040 3525 1131 3606 quod
1143 3545 1199 3587 es·-

229 3631 346 3706 sentia;
370 3632 506 3694 secundo
529 3630 619 3713 quod
627 3630 874 3712 distinguuntur
891 3629 1082 3706 formaliter;
1100 3631 1202 3694 tertio

229 3737 320 3817 quod
343 3737 404 3799 ista
427 3737 590 3799 distinctio
613 3757 679 3799 non
704 3735 780 3799 facit
803 3736 1086 3819 compositionem.
