2684 4209
288 228 477 292 Drsamcr.
501 229 649 293 XXXIX
674 229 820 312 Quasi.
846 231 860 294 Ι
996 245 1058 311 393

186 436 250 502 Be
272 439 464 504 secundo
486 438 695 513 maculo,
720 459 795 520 quae
819 439 858 501 sit
883 438 988 521 prima
1010 458 1084 501 cau·

108 563 154 604 sa
176 544 418 627 contingentia,
443 546 521 608 dicit
545 567 610 609 una
633 546 744 628 opinio
768 547 858 628 quod
894 546 1084 628 contingen·

115 649 163 711 tia
186 670 252 713 non
276 652 373 715 debet
396 653 498 734 accipi
523 653 554 715 in
585 654 698 716 ordine
722 654 764 715 ad
792 673 923 716 causam
960 653 1085 715 univer-

106 758 219 819 ·salem
243 759 393 840 primam,
417 760 474 822 sed
498 760 530 822 in
554 761 666 823 ordine
682 761 724 822 ad
736 781 849 822 causas
866 760 1082 842 particulares,
1148 789 1149 793 ¹

107 873 152 926 et
175 864 220 927 sic
243 867 465 949 contingentia
488 868 625 929 sumitur
648 888 691 930 ex
708 867 812 930 causis
825 867 1082 948 particularibus.

117 971 178 1033 Ad
202 972 295 1053 cujus
318 973 514 1036 evidentiam
539 984 631 1036 notat
644 975 734 1056 quod
747 974 879 1037 effectus
891 974 1084 1055 contingens

109 1087 228 1159 potest
251 1080 433 1161 comparari
456 1081 499 1142 ad
523 1101 654 1143 causam
679 1082 831 1163 primam,
845 1089 877 1144 et
900 1081 945 1143 sic
958 1100 1023 1142 non
1036 1090 1084 1145 est

119 1186 327 1271 contingens,
352 1188 409 1249 sed
432 1188 538 1251 evenit
562 1189 603 1251 de
626 1189 830 1268 necessitate3
855 1197 962 1270 potest
985 1188 1083 1251 etiam

107 1294 302 1374 *comparari
325 1294 366 1356 ad
391 1315 504 1357 causas
541 1295 750 1378 particulares
788 1296 955 1368 secundas,
984 1304 1017 1358 et
1039 1295 1084 1358 sic

108 1408 169 1462 est
192 1401 395 1484 contingens.
421 1402 620 1483 Exemplum
644 1403 685 1465 de
708 1403 814 1465 calore
838 1412 984 1485 respectu
1009 1403 1085 1464 solis

119 1507 180 1587 qui
203 1508 311 1570 evenit
333 1509 375 1570 de
390 1509 588 1584 necessitate,
612 1511 670 1572 sed
694 1518 826 1592 propter
849 1530 963 1574 causas
986 1509 1084 1592 parti-

116 1615 245 1676 culares
261 1616 429 1688 secundas,
454 1616 630 1697 aliquando
653 1626 702 1679 est
725 1616 857 1679 effectus
874 1617 1082 1699 contingens:

117 1720 221 1802 igitur
244 1721 363 1803 pluries
385 1723 570 1804 impeditur.

189 1824 273 1894 Hoc
296 1847 375 1896 non
398 1833 504 1898 teneo
527 1831 604 1912 quia
619 1851 659 1892 eo
684 1831 783 1892 modo
807 1852 904 1893 causa
942 1831 1084 1893 secunda

116 1943 243 2008 movet,
268 1956 335 2017 quo
360 1947 510 1999 movetur
532 1958 551 1999 a
576 1937 697 2019 prima;
722 1937 779 1999 sed
792 1937 897 2019 prima
909 1957 1006 2000 causa
1019 1957 1087 1999 mo

108 2050 176 2104 vet
200 2043 393 2120 necessario;
417 2065 497 2126 ergo
519 2054 552 2106 et
575 2045 727 2118 secunda,
752 2044 853 2107 etsie
877 2046 994 2126 periret
1018 2064 1086 2106 om-

118 2149 171 2211 nis
194 2150 426 2232 contingentia.

189 2256 363 2330 Proeterea,
381 2268 494 2320 contra
517 2280 590 2322 eam
614 2259 761 2343 arguitur
785 2259 844 2322 sic:
869 2259 976 2321 Prima
989 2279 1086 2321 causa

121 2363 214 2444 prius
237 2365 424 2426 naturaliter
447 2367 516 2449 agit
539 2366 571 2428 in
595 2366 855 2430 suumeffectum
868 2386 969 2448 quam
989 2385 1086 2428 causa

109 2471 280 2547 ⁵secunda;
305 2473 362 2534 sed
385 2473 490 2553 prima
507 2493 604 2538 causa
616 2495 673 2556 per
686 2483 718 2536 te
731 2472 830 2536 habet
847 2472 1085 2548 necessitatem;

113 2597 206 2658 ergo
229 2577 318 2658 prius
340 2578 473 2642 effectus
496 2580 595 2643 habet
611 2580 833 2643 necessitatem
847 2600 947 2662 quam
964 2579 1088 2643 contin-

122 2683 280 2764 gentiam.
306 2684 372 2748 Sed
387 2686 477 2768 quod
502 2687 608 2769 primo
631 2688 724 2760 inest,
764 2687 951 2769 simpliciter
989 2686 1085 2760 inest;

119 2809 203 2872 ergo
227 2791 286 2854 iste
308 2791 442 2855 effectus
464 2794 651 2876 simpliciter
674 2804 722 2857 est
747 2795 942 2857 necessarius
965 2802 997 2855 et
1021 2813 1086 2856 non

111 2897 328 2981 contingens.

192 3005 367 3081 Proeterea,
384 3007 463 3069 illud
480 3010 638 3091 competit
649 3008 744 3071 alicui
761 3006 981 3090 propriissime
996 3007 1086 3088 quod

124 3112 285 3193 competit
315 3113 375 3175 sibi
406 3114 438 3176 in
470 3116 583 3178 ordine
613 3117 655 3178 ad
688 3117 827 3198 primam
855 3134 1002 3189 causam;
1031 3113 1087 3175 sed

123 3217 159 3278 in
183 3219 296 3281 ordine
319 3221 361 3282 ad
386 3221 526 3302 primam
550 3244 693 3296 causam,
719 3243 775 3304 per
799 3232 841 3297 te,
870 3220 1003 3284 effectus
1034 3219 1089 3282 ha·

115 3324 181 3386 bet
215 3327 438 3390 necessitatem
451 3351 458 3406 ;
490 3350 569 3412 ergo
607 3329 740 3392 effectus
771 3327 990 3412 propriissime
1029 3326 1088 3388 erit

123 3433 324 3496 necessarius
346 3445 379 3498 et
403 3457 468 3498 non
490 3437 692 3520 contingens.

191 3536 286 3608 Dico
312 3557 404 3630 ergo
427 3545 517 3625 quod
541 3545 647 3628 prima
670 3547 767 3607 causa
783 3541 1015 3625 contingentiae
1039 3550 1087 3602 est

112 3648 277 3710 'voluntas
299 3649 417 3712 divina.
449 3651 564 3724 Probo,
599 3653 676 3734 quia
714 3653 858 3736 primum
895 3648 1091 3730 contingens
1130 3727 1132 3732 Ι
