2684 4209
507 14 516 78 i

370 210 560 277 Drsantc‘a
586 213 684 275 XVII
707 210 856 293 Quasr.
882 214 897 275 1
1059 230 1121 292 223

180 438 247 480 non
271 427 379 500 potest
402 418 537 500 intelligi
572 437 638 479 non
674 417 779 495 bona;
802 438 883 500 ergo
917 417 1056 481 charitas
1080 438 1146 481 non

174 534 229 601 est
252 525 374 607 aliquid
396 534 552 588 creatum.

249 632 290 693 ln
313 631 518 695 contrarium
541 634 708 715 arguitur:
735 632 822 693 Nihil
838 640 887 694 est
902 631 1014 693 album
1030 631 1148 693 forma·

181 737 252 801 liter
276 738 334 801 nisi
358 760 416 821 per
439 739 622 802 albedinem
646 738 823 801 formaliter
835 738 1065 813 inhaerentem3
1090 739 1146 800 sed

182 844 323 926 Spiritus
348 846 487 911 Sanctus
511 866 576 908 non
600 856 649 907 est
672 844 779 908 forma
809 845 987 921 inhaerens;
1012 865 1092 927 ergo
1115 866 1148 906 0-

182 962 290 1035 portet
314 974 436 1035 ponere
459 952 650 1015 charitatem
676 962 817 1015 creatam
842 952 1054 1014 inhaerentem
1082 952 1147 1014 ani-

182 1080 257 1121 mae.

251 1165 366 1230 Cnecn
384 1180 495 1229 rsrnu
519 1178 779 1242 Quasnonau,
789 1166 900 1247 primo
924 1165 1055 1249 ponitur
1078 1165 1142 1247 opi-

182 1273 239 1336 nio
262 1273 420 1355 Magistri,
437 1274 574 1335 secundo
585 1273 697 1354 opinio
725 1294 801 1335 vera
822 1274 1065 1350 modernorum,
1086 1284 1146 1335 ter-

183 1380 233 1442 tio
249 1379 374 1442 dicetur
390 1381 430 1441 ad
457 1380 594 1441 rationes
617 1400 678 1461 pro
701 1380 854 1461 opinione
878 1380 1035 1460 Magistri.

256 1591 479 1677 Quantum
505 1594 570 1658 ad
580 1593 785 1676 primum
802 1602 850 1655 est
866 1592 977 1674 opinio
997 1592 1145 1673 Magistri

178 1699 273 1781 quod
290 1698 429 1761 charitas
442 1720 507 1761 non
531 1699 572 1761 sit
587 1700 709 1781 aliquid
725 1708 870 1761 creatum
888 1699 920 1760 in
951 1698 1069 1770 anima,
1088 1699 1145 1761 sed

183 1804 322 1888 Spiritus
346 1806 486 1869 Sanctus
509 1804 637 1887 speciali
661 1806 842 1868 assistentia
865 1814 977 1867 movet
1000 1806 1145 1867 animam

177 1913 351 1975 adactum
369 1913 580 1975 meritorium.
607 1912 651 1975 Et
674 1912 764 1993 quod
785 1911 924 1974 charitas
947 1932 1013 1974 non
1037 1912 1078 1974 sit
1093 1912 1147 1974 ali-

181 2020 262 2101 quid
286 2028 442 2093 creatum,
467 2020 623 2101 probatur
648 2019 876 2100 multipliciter.

250 2126 366 2190 Primo
390 2126 447 2189 sic:
474 2126 565 2189 Sicut
588 2134 680 2188 actus
693 2124 823 2188 habitus
838 2125 986 2207 acquisiti
1002 2126 1043 2187 ad
1057 2125 1148 2187 habi·
1177 2199 1181 2205 Ι

181 2242 254 2297 turn
279 2232 484 2314 acquisitum,
501 2233 547 2296 ita
558 2242 650 2294 actus
667 2231 797 2294 habitus
818 2231 913 2294 infusi
929 2233 971 2293 ad
997 2231 1144 2293 habiturn

182 2338 326 2402 infusum
350 2339 417 2401 sive
439 2348 599 2411 creatum;
624 2339 681 2400 sed
706 2337 837 2401 habitus
860 2339 1037 2420 acquisitus
1060 2359 1147 2400 crea-

182 2455 236 2509 tus
252 2446 308 2507 dat
324 2445 552 2507 delectabiliter
568 2455 600 2507 et
615 2444 749 2507 faciliter
765 2445 900 2525 operari,
917 2466 959 2506 ex
970 2464 1001 2507 2.
1016 2443 1144 2517 Etleic.,·

179 2571 262 2633 ergo
286 2552 430 2614 similiter
458 2551 588 2613 habitus
619 2550 753 2625 inlusus
782 2552 807 2613 si
839 2561 1022 2633 poneretur,
1055 2552 1146 2613 daret

181 2658 412 2720 delectabiliter
436 2658 571 2739 operari.
598 2657 661 2721 Sed
687 2658 749 2720 huc
767 2678 832 2720 non
855 2667 904 2720 est
920 2679 1044 2730 verum,
1068 2659 1146 2740 quia

184 2784 249 2826 non
274 2764 378 2847 magis
401 2764 631 2827 delectabiliter
655 2774 808 2847 operatur
825 2776 976 2845 peccator
999 2786 1087 2827 nunc
1104 2765 1146 2826 de

184 2891 271 2934 novo
287 2872 375 2933 dono
384 2869 588 2951 justificatus,
605 2892 706 2952 quarn
731 2881 820 2946 ante;
837 2892 916 2952 ergo
933 2892 998 2932 non
1022 2881 1071 2933 est
1091 2892 1147 2952 pu

183 2979 290 3041 nenda
313 2978 453 3041 charitas
477 2977 581 3039 infusa
605 2978 671 3040 sive
694 2988 810 3041 creata.

253 3084 397 3147 Secundo
430 3084 489 3146 sic:
520 3085 597 3147 Non
628 3096 677 3148 est
700 3086 852 3167 ponenda
883 3086 1048 3166 pluralitas
1079 3084 1146 3146 sine

186 3192 388 3269 necessitate;
413 3192 469 3253 sed
495 3192 582 3253 nulla
606 3192 777 3254 necessitas
800 3202 848 3255 est
873 3193 1014 3275 ponendi
1046 3190 1147 3254 chari-

181 3306 285 3360 tatem
309 3308 450 3361 creatam
475 3297 507 3359 in
531 3299 656 3375 anima;
688 3320 776 3381 ergo.
805 3301 958 3362 Probatio
990 3298 1145 3361 utilioris.-

183 3404 333 3468 Charitas
356 3415 463 3467 creata
487 3404 511 3466 si
523 3406 660 3486 ponitur
685 3406 716 3467 in
740 3406 857 3479 anima,
883 3408 1014 3488 ponitur
1028 3417 1063 3467 ut
1080 3427 1148 3468 mo-

183 3522 259 3574 veat
279 3513 383 3594 ipsam
407 3514 449 3575 ad
474 3513 691 3595 diligendum;
727 3516 784 3577 sed
819 3522 951 3594 propter
987 3513 1049 3575 hoc
1080 3533 1148 3575 non
