2684 4209
374 225 559 288 Drsrrrrcr.
584 224 648 288 Vll
673 224 820 306 Qooso.
843 225 859 289 1
993 200 995 203 ⁵
1048 243 1111 307 149

163 430 299 514 agendi,
325 439 377 493 ut:
402 451 522 512 corpus
545 429 712 512 disgregat
733 430 899 506 albedine,
923 431 1056 513 quando
1078 453 1134 494 au·

167 546 236 599 tem
260 537 456 599 construitur
489 557 566 598 cum
597 537 735 611 nomine,
767 545 847 600 tunc
877 558 943 600 non
974 536 1135 619 significat

168 642 364 726 principium
382 642 517 706 formale
532 643 660 726 agendi,
685 643 742 706 sed
757 641 918 726 significat
927 626 1132 725 principinm

158 750 309 833 formale
323 749 432 813 dandi
452 771 526 825 esse,
552 759 605 812 ut:
630 771 749 831 corpus
768 760 817 812 est
839 750 951 813 album
975 751 1133 814 albedine.

171 857 257 921 Cum
281 877 360 939 ergo
383 857 501 920 dicitur
527 877 584 940 per
608 857 835 938 Augustinum
859 857 949 938 quod
973 857 1067 919 Pater
1086 866 1134 920 est

168 985 208 1026 eo
232 965 326 1026 Pater
357 983 424 1045 quo
448 973 496 1026 est
527 963 555 1026 ei
580 961 691 1038 Filius,
724 983 838 1025 verum
869 973 918 1026 est
948 962 1134 1039 formaliter,

167 1071 226 1133 sed
251 1091 317 1132 non
341 1070 373 1132 in
397 1071 521 1132 ratione
545 1070 693 1152 principii
715 1070 844 1152 agendi.

237 1177 295 1238 Ad
314 1177 500 1262 secundnm,
514 1177 689 1240 dicendum
713 1178 803 1258 quod
825 1197 991 1239 commune
1013 1186 1061 1240 est
1078 1177 1135 1239 du·

169 1284 258 1365 plex‚
283 1284 401 1346 scilicet
425 1305 481 1366 per
506 1284 708 1347 identitatem
731 1292 764 1346 et
787 1305 844 1365 per
860 1284 1134 1366 informationem

169 1392 221 1452 vel
245 1411 302 1472 per
325 1391 387 1452 alia
411 1392 519 1464 verbo,
545 1391 606 1452 sic:
632 1392 723 1472 quod
753 1401 801 1452 est
825 1410 928 1452 unum
959 1410 1136 1452 commune

168 1499 346 1560 secundom
370 1498 539 1572 rationem,
564 1506 675 1559 tamen
700 1506 907 1559 numeratum
930 1497 962 1558 in
991 1497 1137 1579 pluribus

170 1604 351 1666 secundum
377 1625 455 1678 rem,
480 1613 512 1666 et
535 1603 566 1666 in
592 1603 641 1665 his
664 1624 740 1665 vera
759 1613 808 1665 est
832 1603 1009 1685 propositio
1033 1603 1138 1666 Philo

169 1709 277 1791 sophi;
301 1711 364 1771 alio
400 1711 499 1772 modo
529 1719 577 1772 est
605 1710 727 1792 aliquid
758 1731 933 1773 commune
962 1711 1136 1773 secundum

171 1837 240 1878 rem
264 1816 353 1878 nullo
377 1817 478 1879 modo
501 1815 730 1898 plurificatum,
754 1825 787 1878 et
803 1817 865 1880 hoc
888 1825 1016 1879 tanturn
1040 1826 1088 1878 est
1105 1817 1137 1879 in

171 1923 298 1996 divinis,
323 1931 355 1984 et
379 1924 411 1985 in
434 1924 552 1986 talibus
575 1944 641 1986 non
665 1932 713 1985 est
734 1945 810 1986 vera
832 1924 1010 2006 propositio
1033 1923 1138 1986 Philo

172 2029 277 2111 sophi,
302 2031 378 2110 quia
401 2031 490 2092 atali
517 2031 684 2093 communi
701 2032 783 2094 berre
807 2039 914 2113 potest
936 2051 1005 2093 esse
1027 2051 1138 2112 opera-

171 2136 218 2198 tio
242 2136 380 2218 propria.

240 2243 299 2304 Ao
312 2243 453 2316 tertium,
466 2243 540 2306 dico
557 2244 647 2325 quod
672 2245 779 2326 masor
800 2253 848 2306 est
871 2264 947 2305 vera
970 2243 1011 2306 de
1033 2243 1138 2305 medio

172 2349 264 2431 quod
288 2349 457 2412 conficitur
480 2371 523 2412 ex
550 2350 714 2423 extremis,
747 2371 811 2412 non
843 2360 953 2412 tamen
984 2358 1032 2412 est
1063 2371 1139 2412 vera

172 2458 216 2518 de
240 2457 343 2518 medio
374 2466 508 2538 sumpto
539 2478 597 2539 per
627 2458 794 2538 quandam
825 2457 1082 2518 convenientiam
1106 2465 1138 2518 et

168 2563 416 2645 proportionem,
442 2563 529 2625 sicut
553 2572 643 2645 patet
666 2566 800 2645 quando
817 2563 967 2645 Angelus
990 2562 1138 2645 intelligit

160 2673 226 2744 'se;
252 2690 329 2731 nam
355 2670 512 2744 medium,
538 2670 619 2732 idest
635 2670 818 2743 intellectio
842 2679 890 2731 est
913 2670 1070 2743 accidenS,
1106 2679 1138 2732 et

175 2784 325 2837 extrema
348 2785 425 2837 sunt
449 2776 640 2838 substantia.
665 2814 708 2822 —-
740 2777 801 2838 Vel
826 2785 933 2858 potest
963 2776 1025 2837 dici
1049 2777 1138 2857 quod

176 2883 321 2964 potentia
346 2883 522 2964 generandi
556 2891 693 2945 nonest
724 2883 868 2945 medium
897 2882 979 2944 inter
1009 2883 1137 2944 Patrem

175 3000 208 3050 et
232 2989 363 3062 Filium,
389 2990 445 3051 sed
470 2990 617 3071 potentia
641 2991 749 3071 potius
765 3010 799 3051 se
821 2999 910 3051 tenet
933 3010 975 3050 ex
1000 2997 1090 3070 parte
1107 3011 1139 3051 u-

175 3095 248 3157 nius
272 3095 419 3168 extremi,
445 3097 564 3158 scilicet
587 3117 631 3158 ex
654 3105 746 3178 parte
769 3097 880 3161 Patris.

222 3203 280 3263 Ad
301 3202 465 3278 ultimum,
480 3202 553 3266 dico
580 3203 670 3284 quod
694 3205 801 3286 enasor
822 3212 870 3265 est
885 3223 961 3264 vera
977 3203 1017 3265 de
1027 3214 1139 3284 poten-

175 3309 226 3372 tia
250 3329 325 3390 quae
349 3309 526 3391 opponitur
551 3310 656 3385 octni;
682 3311 753 3372 talis
776 3320 886 3372 autem
911 3310 1056 3391 potentia
1073 3331 1139 3372 non

178 3415 309 3497 ponitur
334 3416 365 3477 in
392 3415 473 3490 Deo,
500 3425 656 3499 utsupra
680 3417 784 3498 patuit
808 3417 839 3478 irr
864 3416 957 3479 dictis
980 3437 1023 3479 ex
1046 3418 1141 3480 tertia

175 3522 341 3604 opinione.
