2684 4209
260 268 324 333 370
517 250 591 313 Lrn.
617 251 631 313 Ι
656 251 953 315 Snu‘rnmmnuu

233 458 321 522 enim
345 459 461 521 dieitur
484 457 574 539 quod
598 457 738 519 materia
762 476 826 518 non
844 455 963 518 habeat
980 455 1099 529 ideam,
1126 456 1205 537 quia

234 586 300 629 non
314 574 420 647 potest
433 585 490 646 per
501 585 535 626 se
547 584 624 636 esse,
639 564 701 625 hoc
714 572 763 624 est
785 561 913 634 falsum,
932 572 968 624 ut
984 562 1111 644 patebit
1128 562 1201 624 Lib.

234 691 265 735 2.
290 671 365 734 dist.
390 689 441 734 12.
466 680 574 753 potest
597 670 684 733 enim
708 669 818 732 divina
842 670 961 731 virtute
981 671 1119 731 materia
1135 690 1207 731 esse

235 779 304 841 sine
327 778 440 840 forma.
465 816 508 824 —
533 778 677 839 Etcum
702 776 818 839 dicitur
843 776 974 838 ulterius
991 777 1081 856 quod
1094 797 1206 858 genus

235 906 302 948 non
326 883 424 946 habet
448 885 565 957 ideam,
590 904 665 965 quae
683 903 748 946 non
773 883 982 965 cognoscitur
1007 882 1066 945 nisi
1081 883 1116 945 in
1134 904 1205 964 spe-

233 993 291 1077 cie,
316 991 380 1053 hoe
403 1000 451 1053 est
474 989 602 1064 falsum,
626 990 703 1072 quia
743 989 833 1051 Deus
864 999 971 1071 potest
1002 1011 1205 1072 cognoscere

235 1118 338 1182 genus
363 1107 398 1159 ut
421 1096 614 1160 abstrahite
638 1097 753 1178 specie.
785 1133 829 1144 —
853 1097 1005 1160 Similiter
1021 1117 1098 1158 cum
1125 1099 1205 1159 ulte

235 1206 300 1268 rius
323 1205 440 1267 dieitur
464 1206 554 1286 quod
579 1204 795 1267 indr'vz'drrurrr
820 1224 885 1266 non
909 1204 1000 1266 addit
1024 1204 1108 1265 ultra
1133 1225 1203 1286 spe

231 1314 314 1375 ciem
339 1312 397 1374 nisi
429 1312 598 1373 materiam
631 1332 688 1392 per
727 1331 827 1393 quam
859 1310 1088 1384 individuatur‚
1127 1310 1202 1373 dico

235 1420 324 1502 quod
348 1419 466 1500 accipit
493 1417 621 1492 falsum,
647 1417 724 1500 quie
748 1417 961 1480 individuatio
986 1437 1052 1479 non
1076 1415 1114 1478 fit
1147 1438 1205 1499 per

235 1527 413 1600 materiam,
438 1535 475 1588 ut
500 1525 624 1607 patebit
647 1525 718 1588 Lib.
742 1543 773 1586 2.
788 1524 873 1586 dart.
894 1541 927 1602 J.
966 1533 999 1586 et
1028 1533 1120 1605 patet
1144 1545 1201 1606 per

234 1633 440 1696 Avicennam
461 1650 485 1711 5
510 1630 657 1714 Metaplr.
675 1653 700 1694 c.
715 1649 748 1710 5.
773 1640 806 1693 et
822 1651 880 1712 per
896 1630 1201 1694 Commentatorem

235 1741 272 1802 in
296 1759 326 1802 Ι.
350 1750 382 1802 et
402 1757 432 1801 2.
457 1737 496 1800 de
521 1739 658 1801 Anima.
684 1775 728 1784 -·
751 1737 809 1800 Ad
833 1737 930 1800 aliam
961 1737 1202 1819 probationem.

234 1867 312 1908 cum
336 1845 452 1908 dicitur
480 1845 570 1927 quod
594 1845 761 1907 individua
778 1865 842 1906 non
866 1853 942 1906 sunt
958 1864 1015 1925 per
1031 1865 1066 1906 se
1077 1843 1204 1907 intenta

234 1974 254 2014 a
287 1961 404 2014 natura
434 1951 604 2033 respondeo
635 1972 692 2033 per
729 1949 1014 2032 interemptionem
1052 1949 1202 2018 minoris.

235 2059 311 2141 quia
333 2079 409 2140 quae
434 2067 510 2120 sunt
533 2078 590 2139 per
613 2078 647 2120 se
670 2058 798 2120 intenta
833 2059 875 2120 ab
898 2067 1033 2120 auctore
1065 2068 1202 2129 naturae,

235 2173 310 2226 sunt
333 2185 390 2245 per
413 2185 448 2226 se
470 2165 594 2226 intenta
622 2185 642 2226 a
665 2174 797 2239 natura;
833 2165 889 2227 sed
924 2164 1091 2226 individua
1127 2174 1204 2226 sunt

234 2291 292 2352 per
315 2291 349 2332 se
372 2271 496 2333 intenta
519 2291 575 2351 per
605 2280 772 2333 auctorem
805 2280 941 2344 naturae‚
973 2287 1050 2333 cum
1082 2263 1204 2333 hebeat

237 2377 278 2440 de
301 2377 346 2439 eis
370 2377 628 2459 providentiam
645 2397 725 2459 ergo
749 2385 824 2438 sunt
847 2397 904 2458 per
920 2394 954 2442 se
970 2377 1094 2440 intenta
1109 2399 1130 2439 a
1151 2398 1204 2439 na-

239 2492 321 2546 tura.

303 2590 361 2653 Ad
380 2601 612 2672 argumentum
634 2591 782 2653 secrrrrdce
805 2590 945 2657 rationis
968 2591 1010 2652 de
1039 2590 1202 2653 relationi-

234 2696 305 2771 buS,
329 2697 462 2779 quando
486 2696 602 2760 dicitur
625 2697 715 2779 quod
732 2697 843 2759 relatio
869 2717 934 2762 non
963 2697 1064 2759 habet
1093 2697 1202 2760 ideam

234 2804 312 2885 quia
335 2825 400 2866 non
425 2803 523 2867 habet
547 2805 726 2866 realitatem
748 2813 866 2884 praeter
889 2802 1068 2866 realitatem
1085 2801 1202 2866 funda-

236 2910 347 2985 menti,
378 2910 452 2972 dico
477 2911 567 2993 quod
591 2911 645 2973 illa
669 2911 836 2992 praemissa
858 2918 908 2978 est
930 2907 1018 2983 falsa,
1052 2918 1088 2972 ut
1111 2918 1202 2991 patet

236 3037 295 3098 per
326 3015 532 3098 Simplicium
556 3018 593 3080 in
616 3017 827 3095 Proedicam,·
851 3025 884 3080 et
907 3037 964 3098 per
992 3015 1201 3080 Avicennam

233 3141 267 3203 j.
292 3121 439 3205 Metaplz.
462 3134 531 3205 cap.
558 3124 636 3198 ult,
660 3133 694 3186 et
717 3123 839 3207 patebit
861 3123 934 3193 Lib.
960 3139 990 3190 2.
1014 3121 1092 3186 dist.
1114 3142 1150 3207 4.

304 3334 366 3398 Ao
391 3348 536 3398 ermon
560 3349 777 3398 emuermnn
799 3337 874 3407 dieo
887 3339 979 3420 quod
996 3339 1120 3401 malum
1137 3339 1203 3402 cul-

237 3463 290 3525 pae
314 3463 381 3506 non
406 3441 505 3504 habet
527 3441 636 3504 ideam
660 3443 854 3524 inquantum
878 3453 926 3507 est
949 3465 1031 3528 pura
1052 3445 1201 3528 privatio.

302 3548 361 3611 Ad
379 3548 558 3611 secundum
581 3558 673 3631 patet
698 3567 741 3611 ex
761 3547 858 3616 dietis
880 3551 971 3633 quod
988 3551 1123 3616 materia
1146 3572 1202 3634 po

236 3661 298 3715 test
321 3673 390 3716 esse
413 3674 470 3734 per
493 3674 537 3728 se,
564 3663 598 3716 et
625 3653 724 3717 habet
741 3675 804 3745 per
825 3677 861 3720 se
883 3656 990 3720 ideam
1014 3657 1047 3721 in
1071 3657 1155 3722 Deo.
