2684 4209
232 298 278 359 44
457 279 531 341 Lus.
557 280 570 341 Ι
596 279 890 343 Saureurrnauu

209 486 384 548 delectatio
408 506 474 549 non
498 486 686 549 immediate
708 506 742 549 se
766 485 887 549 habent
910 487 952 548 ad
980 488 1171 567 potentiam,

205 593 297 675 quia,
322 602 358 655 ut
382 602 480 675 patet,
504 593 675 657 delectatio
702 604 750 655 est
778 594 1006 675 superveniens
1030 594 1174 655 dilectio-

205 700 254 773 ni,
278 700 378 763 etsie
402 701 628 782 praesupponit
651 700 866 762 dilectionem.

279 806 336 871 Ad
365 807 508 879 tertium,
538 807 611 869 dico
638 808 729 889 quod
757 808 825 869 duo
852 817 944 869 actus
972 817 1109 888 possunt
1137 808 1176 868 si-

210 914 280 975 mul
304 934 373 978 esse
400 914 432 979 in
463 916 578 977 eadem
612 915 766 996 potentia,
799 916 823 976 si
856 926 931 977 sunt
961 915 1173 984 subordinari,

206 1020 295 1084 sicut
317 1032 394 1085 sunt
417 1022 477 1085 isti.

278 1129 337 1191 Ad
355 1140 551 1211 argumenta
575 1150 635 1210 pro
658 1131 798 1192 secunda
826 1127 1051 1192 Conclusione:

280 1235 338 1298 Ad
362 1236 504 1317 primum
530 1236 603 1299 dico
626 1237 716 1318 quod
741 1237 774 1317 ly
797 1236 926 1299 dilectio
949 1247 981 1297 et
1004 1236 1176 1299 delectatio

213 1362 279 1404 non
304 1342 417 1405 dicunt
440 1344 645 1425 privationes,
670 1346 836 1425 quianon
864 1355 940 1405 sunt
969 1344 1174 1425 privationes

211 1468 273 1512 nec
297 1448 472 1513 formaliter
496 1451 667 1513 includunt
691 1450 895 1532 privationes,
912 1451 989 1532 quia
1006 1452 1083 1512 unio
1110 1471 1176 1539 qua

212 1557 324 1618 unitur
348 1558 463 1619 beatus
487 1558 559 1619 Deo
584 1578 649 1620 non
674 1569 722 1621 est
746 1559 893 1639 privatio.
920 1578 977 1620 nec
1002 1558 1079 1619 unio
1111 1578 1177 1638 qua

216 1663 350 1725 materia
373 1672 405 1726 et
429 1662 534 1726 forma
559 1666 724 1737 uniuntur,
748 1675 797 1727 est
821 1666 967 1747 privatio.

283 1770 341 1832 Ad
365 1772 558 1845 secundum,
583 1772 656 1834 dico
680 1774 769 1853 quod
798 1772 927 1834 dilectio
951 1782 983 1833 et
1005 1771 1177 1833 delectatio

211 1897 281 1939 non
305 1878 457 1941 disserunt
480 1880 587 1939 solum
616 1880 647 1941 in
681 1880 781 1940 modo
812 1877 1025 1961 significandi.
1058 1878 1114 1939 sed
1145 1898 1178 1939 e-

213 1983 293 2045 tiam
319 1986 453 2059 realiter,
479 1995 514 2046 ut
538 1985 661 2047 dictum
686 1997 745 2048 est.

282 2201 346 2266 Be
360 2198 561 2267 Secundo
574 2180 772 2267 Arle’culo
779 2212 827 2263 est
838 2200 1018 2263 notandum
1033 2200 1122 2280 quod
1135 2199 1180 2260 di-

216 2308 310 2370 lectio
333 2319 382 2370 cst
405 2309 551 2391 operatio
574 2310 679 2372 elicita
702 2310 904 2370 avoluntate
921 2326 1180 2388 praesupporrens

211 2416 437 2497 cognitionem
462 2416 594 2497 objecti;
620 2417 676 2477 sed
700 2416 870 2477 delectatio
893 2425 941 2476 cst
964 2415 1118 2495 quaedarn
1148 2434 1181 2473 o

194 2522 341 2607 ,peratio
365 2532 493 2605 recepta
517 2522 548 2585 in
573 2524 741 2585 voluntate
763 2532 895 2587 causata
918 2522 959 2583 ab
983 2520 1122 2600 objecto.

285 2626 434 2714 All'quce
449 2628 688 2697 azaectornates
704 2630 853 2691 videntur
870 2629 975 2690 dicere
991 2627 1081 2708 quod
1089 2628 1182 2707 frui·

213 2736 261 2798 tio
285 2736 325 2797 sit
348 2736 486 2809 dilectio,
515 2738 596 2799 sicut
620 2737 713 2818 ponit
738 2737 881 2817 August.
901 2735 955 2797 lib.
974 2754 1002 2797 ι.
1020 2736 1059 2797 dc
1081 2734 1180 2795 doctr.

212 2842 329 2905 clerist.
355 2843 409 2904 ubi
434 2844 511 2905 dicit
534 2845 624 2924 quod
648 2842 708 2905 frui
729 2853 777 2905 est
801 2863 911 2904 amore
928 2842 1098 2915 inhaerere;
1124 2840 1181 2902 sed

214 2970 311 3011 amor
334 2960 382 3011 est
406 2950 550 3022 dilectio;
575 2971 665 3032 ergo,
695 2961 756 3011 etc.
789 2956 793 2965 '

285 3056 454 3131 Praeterea,
480 3058 688 3139 Augustinus
712 3056 765 3119 lib.
790 3054 845 3134 85.
870 3064 980 3136 quoest.
999 3055 1075 3117 dicit
1092 3055 1181 3135 quod

214 3164 324 3227 omnis
356 3164 554 3245 perversitas,
586 3184 660 3246 quae
689 3164 803 3225 vitium
833 3162 1028 3232 nominatur,
1060 3172 1106 3223 est
1136 3162 1182 3221 uti

215 3270 370 3343 fruendis
395 3281 427 3333 et
451 3270 510 3333 frui
533 3272 674 3346 utendis;
699 3271 755 3331 sed
779 3270 969 3352 perversitas
993 3278 1118 3349 spectat
1140 3270 1183 3329 ad

215 3388 330 3441 actum
361 3378 550 3450 voluntatis;
582 3398 661 3460 ergo
700 3376 809 3439 fruitio
843 3388 968 3459 spectat
999 3378 1041 3439 ad
1072 3377 1185 3438 volun-

220 3495 331 3557 tatem,
356 3496 389 3549 et
412 3485 457 3548 sic
479 3494 527 3548 est
551 3485 687 3547 dilectio.

289 3589 438 3677 Aliquae
467 3592 580 3659 etaiam
623 3590 862 3659 uzrctore'tntes
893 3593 1043 3655 videntur
1078 3592 1185 3653 dicere

216 3699 311 3780 quod
326 3700 452 3781 fruitio
475 3700 514 3761 sit
538 3699 713 3762 delcclntro.
740 3698 838 3763 Unde
854 3700 1063 3781 Augustinus
1080 3718 1108 3761 r.
1134 3696 1185 3759 De
