2684 4209
385 263 563 345 Quasno
588 266 829 329 Pnoormnms
1065 284 1082 348 3

148 487 298 548 gnoscere
321 468 427 551 prima
450 469 615 551 principia,
640 480 673 532 et
695 469 728 533 in
751 470 797 533 eis
812 470 1021 534 includuntur
1037 492 1107 535 om·

87 600 91 607 ·
148 594 200 636 nes
222 574 454 638 Conclusiones
469 576 607 639 scibiles:
624 597 705 659 ergo
720 586 780 639 etc.
805 612 850 625 -
872 578 1026 641 Probatio
1036 580 1107 660 pri-

146 702 204 744 moe
220 682 331 763 portis
359 683 514 745 minoris:
540 681 701 765 Principia
716 684 945 766 cognoscimus
967 685 1105 767 inquan-

147 796 213 849 tum
228 790 388 851 terminos
402 789 642 871 cognoscimus
665 809 695 853 Ι.
719 790 806 853 Post.
836 800 868 853 et
891 791 1020 855 termini
1044 794 1106 875 pri·

146 915 269 957 morum
294 895 528 978 principiorum
552 905 629 959 sunt
657 897 931 973 communissimi;
955 918 1103 961 commu-

146 1002 270 1064 nissima
298 1011 410 1064 autem
432 1011 508 1064 sunt
532 1003 680 1065 maxime
701 1012 789 1077 nota,
812 1025 855 1065 ex
877 1022 908 1067 1.
932 1002 1033 1085 Phys.
1059 1042 1104 1053 —

146 1108 291 1172 Probatio
314 1110 462 1172 securrdoe
482 1109 595 1191 partis
622 1110 778 1173 minoris:
810 1110 955 1173 Termini
984 1111 1104 1193 primo·

146 1236 212 1277 rum
236 1216 470 1299 principiorum
496 1226 571 1279 sunt
595 1217 868 1293 communissimi;
892 1238 972 1300 ergo
995 1239 1104 1300 aequa·

143 1322 208 1385 liter
230 1324 430 1386 distribuunt
458 1344 518 1405 pro
549 1324 703 1386 omnibus
733 1324 946 1407 conceptibus
977 1324 1102 1388 inferio

144 1428 238 1491 ribus.

208 1532 331 1603 Tertio
353 1536 412 1599 sic:
438 1534 735 1618 Quorumcumque
758 1537 1011 1600 necessariorum
1033 1559 1106 1620 pos·

141 1662 249 1706 sumus
272 1643 431 1706 terminos
454 1642 642 1705 naturaliter
665 1663 871 1725 cognoscere,
895 1653 927 1706 et
951 1643 1004 1706 illa
1034 1665 1107 1727 pos-

140 1770 249 1813 sumus
273 1750 462 1813 naturaliter
486 1769 695 1832 cognoscere:
720 1750 776 1812 sed
792 1749 941 1812 omnium
963 1771 1105 1814 necessa-

133 1855 257 1929 riorum
282 1877 459 1939 possumus
487 1856 655 1932 terminos¹
678 1857 864 1919 naturaliter
891 1877 1103 1940 cognoscere:

65 1959 70 1978 ¹
138 1982 215 2045 ergo
238 1974 301 2027 etc.
327 1999 372 2010 -
394 1963 511 2026 Minor
533 1972 631 2045 patet,
657 1963 733 2044 quia
748 1964 889 2026 eundem
906 1973 1103 2046 conceptum

63 2096 64 2104 ¹
140 2070 395 2151 quidditativum
426 2089 525 2152 quem
557 2070 697 2132 affirmat
736 2068 927 2133 christianus
961 2070 1102 2134 dicendo

141 2176 247 2240 Deum
271 2178 396 2240 trinum
420 2186 453 2239 et
476 2173 589 2250 unuin,
614 2196 763 2259 paganus
786 2186 894 2260 negat.
918 2177 1104 2240 -Proba-

138 2285 183 2346 tio
206 2284 364 2369 majoris:
389 2284 445 2345 Illa
469 2273 654 2357 necessaria,
679 2292 736 2345 aut
758 2292 834 2346 sunt
862 2284 1016 2357 mediata,
1045 2295 1103 2348 aut

138 2390 342 2456 immediata.
379 2390 412 2454 Si
440 2390 643 2462 immediata,
675 2410 756 2472 ergo
778 2390 916 2472 cognitis
946 2391 1101 2464 terminis,

137 2509 382 2583 cognoscuntur
420 2507 453 2560 et
490 2498 568 2579 ipsa
609 2495 643 2560 Si
682 2506 792 2559 autem
831 2506 907 2560 sunt
949 2498 1103 2572 mediata,

138 2606 260 2688 accipio
286 2605 443 2679 medium,
472 2613 504 2666 et
527 2624 684 2685 comparo
714 2603 756 2665 ad
787 2603 874 2665 aliud
906 2613 1104 2677 extremum,

72 2729 74 2745 ¹
135 2732 311 2795 quousque
335 2713 391 2774 des
414 2711 570 2774 terminos
600 2710 815 2784 immediatos
847 2710 966 2792 quibus
994 2710 1104 2793 cogni-

72 2797 76 2818 *
137 2818 177 2880 tis
199 2828 447 2902 cognoscuntur
470 2828 502 2880 et
523 2802 578 2879 illa
601 2837 742 2898 quorum
766 2825 851 2879 sunt.

206 2922 359 3011 Quarto
378 2925 437 2987 sic:
462 2925 499 2987 ln
524 2924 616 2986 nobis
639 2932 688 2993 est
711 2924 890 2986 intellectus
912 2944 1023 3006 agens,
1047 2924 1104 3005 qui

137 3043 184 3096 est
207 3031 322 3096 omnia
346 3031 458 3103 lacere,
482 3040 515 3093 et
532 3030 699 3113 possibilis
721 3030 777 3111 qui
801 3040 849 3093 est
880 3030 991 3092 omnia
1025 3028 1103 3103 fieri,

136 3160 179 3202 ex
198 3158 234 3221 j.
251 3140 293 3203 de
304 3138 440 3201 Anima.
458 3137 522 3202 Sed
538 3137 651 3200 activis
670 3146 703 3199 et
719 3137 852 3218 passivis
867 3136 1104 3219 approximatis

138 3254 170 3307 et
193 3268 261 3309 non
294 3245 457 3328 impeditis
480 3254 589 3327 potest
612 3238 702 3325 sequi
734 3243 828 3306 acti0.
862 3244 953 3325 Ergo
984 3243 1104 3309 virtute

139 3352 321 3417 intellectus
356 3352 483 3435 agentis
513 3360 545 3414 et
581 3351 739 3433 possibilis
770 3359 878 3432 potest
905 3350 1016 3413 haberi
1048 3372 1100 3413 co

42 3436 54 3486 ²
140 3461 243 3542 gnitio
272 3459 509 3541 cujuscumque
532 3458 768 3540 cognoscibilis.

208 3563 353 3653 Quinto
383 3566 441 3629 sic:
475 3564 575 3629 Omni
608 3565 764 3647 potentiae
794 3564 932 3647 passivae
964 3564 1104 3627 naturali

135 3674 373 3756 correspondet
396 3674 503 3755 aliqua
528 3660 805 3755 potentia'activa
835 3672 867 3734 in
899 3681 1015 3734 natura
1046 3692 1104 3752 per
