2684 4209
195 203 257 266 106
456 203 530 268 Lns.
555 205 569 266 Ι
594 203 888 268 Sanranrrnnon

233 405 323 475 Alia
357 411 414 474 est
446 406 574 492 Opinio
616 405 724 481 Scotz',
760 430 861 491 quarn
896 420 1001 483 teneo,
1037 409 1137 490 quod.

166 516 200 576 in
235 524 328 596 parte
362 515 557 578 intellectiva
587 524 663 578 sunt
698 516 861 596 ponendae
896 517 1027 597 species.
1064 515 1132 578 Ubi

166 623 273 703 primo
295 622 462 703 praemitto
485 623 712 703 supponendo,
737 623 827 704 quod
857 623 1036 684 universale
1063 621 1125 683 sub

165 730 289 791 ratione
312 729 498 790 universalis
521 738 569 790 est
593 749 648 810 per
673 749 707 790 se
730 729 897 809 objectum
922 729 1126 791 intellectivae

164 835 318 917 potentiae
345 830 560 898 intellectione
582 836 787 909 abstractiva,
818 837 862 897 ita
885 836 975 917 quod
1000 836 1127 897 unirer-

164 943 272 1004 salitas
294 951 342 1004 est
366 961 422 1022 per
446 961 480 1002 se
504 940 648 1003 formalis
676 942 758 1005 ratio
787 941 905 1023 objecti
935 941 1126 1014 intellectus,

164 1058 196 1110 et
231 1048 410 1110 intellectus
445 1049 552 1128 potest
592 1049 711 1110 habere
745 1048 913 1129 objectum
949 1047 1137 1110 universale·

163 1175 307 1236 praesens
330 1154 389 1216 sibi
414 1155 502 1235 prius
526 1155 714 1217 naturaliter
736 1175 839 1236 qnam
865 1155 1034 1236 intelligat.

230 1262 301 1324 Hoc
323 1261 493 1342 supposito,
521 1283 625 1344 arguo
648 1263 707 1324 sic:
734 1261 864 1343 Species
887 1261 1136 1324 uniusrationis.

162 1389 227 1431 non
252 1377 300 1430 est
323 1389 379 1450 per
403 1389 437 1430 se
466 1369 730 1449 repraesentativa
753 1369 815 1430 sub
838 1368 997 1450 oppositis
1032 1368 1134 1430 ratio-

163 1477 258 1538 nibus
281 1475 514 1557 cognoscendi;
539 1477 594 1537 sed
627 1476 708 1538 ratio
740 1475 928 1538 universalis
958 1485 991 1537 et
1022 1477 1121 1557 parti-

162 1583 279 1644 cularis
306 1591 382 1644 sunt
410 1582 570 1663 oppositae
600 1583 739 1644 rationes
766 1582 1016 1664 cognoscibiles;
1045 1603 1124 1664 ergo

162 1690 276 1750 eadem
289 1689 411 1770 species
435 1708 499 1750 non
525 1698 735 1769 repraesentat
758 1689 820 1750 sub
845 1690 969 1751 ratione
990 1690 1135 1770 partico-

162 1795 235 1857 laris
258 1805 290 1857 et
315 1796 510 1859 universalis.
536 1795 601 1858 Sed
625 1795 746 1876 species
770 1816 845 1877 quae
869 1805 917 1857 est
949 1797 981 1857 in
1017 1796 1119 1877 phan-

161 1911 311 1976 tasmate·
335 1913 545 1984 repraesentat
568 1902 628 1964 sub
652 1902 777 1963 ratione
802 1902 1018 1983 particularis;
1047 1923 1136 1984 ergo-

161 2018 291 2090 oportet
315 2030 437 2090 ponere
459 2009 601 2091 speciem
625 2008 656 2069 in
674 2010 838 2072 intellectu
855 2030 931 2091 quae
950 2029 1128 2090 repraesen-

160 2124 209 2177 tat
232 2116 293 2177 sub
318 2117 443 2178 ratione
467 2115 666 2178 universalis.

227 2223 320 2284 Forte
342 2223 438 2294 dices,
467 2224 556 2303 quod
581 2224 688 2304 major
710 2231 758 2285 est
781 2243 857 2284 vera
881 2223 912 2283 in
941 2224 1057 2285 eodem
1083 2222 1128 2284 lu-

161 2329 256 2401 mine,
281 2329 337 2391 sed
361 2329 544 2390 indiverso
568 2330 691 2391 lumine
714 2329 800 2391 idem
826 2338 933 2410 potest
951 2349 1127 2410 repraesen-

161 2445 231 2497 tare
255 2437 316 2497 sub
328 2436 454 2497 diversa
470 2436 604 2509 ratione,
629 2436 712 2498 sicut
736 2437 828 2516 ponit
852 2435 1068 2516 Philosophus
1093 2455 1133 2498 2..

158 2543 198 2603 de
209 2542 334 2602 Anima
346 2543 436 2622 quod
449 2552 544 2604 nocte
558 2543 698 2604 lucentia
710 2552 869 2623 apparent
882 2542 913 2602 in
926 2542 978 2603 die
994 2542 1026 2602 in
1047 2563 1120 2623 pro-

159 2649 230 2729 prio
253 2649 369 2721 colore,
394 2659 426 2710 et
450 2658 560 2710 tamen
586 2649 616 2711 in
646 2660 742 2710 nocte
773 2650 895 2710 lucent:
928 2648 973 2710 ita
1006 2648 1056 2710 hic
1088 2648 1121 2710 in

158 2756 326 2836 proposito
349 2756 463 2816 eadem
495 2756 617 2836 species
649 2766 782 2836 propter
813 2756 979 2817 diversum
1013 2755 1123 2816 lumen

157 2861 336 2924 intellectus
359 2873 391 2923 et
415 2861 651 2943 phantasmatis
676 2870 783 2942 potest
807 2872 1038 2941 repraesentare
1062 2862 1135 2923 sub·

158 2969 281 3030 ratione
304 2969 491 3030 universalis
514 2979 546 3030 et
571 2969 781 3050 particularis.
803 3005 847 3014 -
869 2969 938 3031 Ista
960 2967 1121 3049 responsio

158 3096 222 3136 non
246 3076 341 3148 valet,
371 3075 447 3156 quia
475 3076 585 3137 lumen
614 3097 679 3137 non
708 3085 756 3136 est
787 3085 1035 3156 repraesentans,
1064 3075 1122 3136 sed

156 3191 204 3243 est
229 3182 307 3243 illud
339 3182 369 3243 in
401 3203 468 3262 quo
500 3181 535 3244 lit
567 3183 823 3264 repraesentatio;
856 3183 978 3263 species
1008 3193 1121 3243 autem

156 3297 205 3349 est
229 3298 472 3368 repraesentans,
502 3299 534 3350 et
566 3289 638 3349 ideo
669 3309 746 3350 cum
777 3289 818 3350 sit
849 3290 944 3351 unius
976 3289 1120 3360 rationiS,

157 3415 222 3457 non
255 3404 364 3476 potest
396 3406 624 3476 repraesentare
655 3396 717 3457 sub
740 3396 873 3457 diversis
901 3404 933 3457 et
961 3396 1122 3476 oppositis

157 3502 345 3564 rationibus
370 3538 413 3547 -
438 3501 582 3562 Primum
607 3502 799 3582 exemplum
824 3502 865 3562 de
889 3501 938 3564 his
966 3522 1042 3582 quae
1074 3502 1133 3564 lu·-

155 3618 232 3671 cent
255 3608 287 3670 in
311 3616 416 3680 nocte,
440 3617 488 3669 est
512 3609 554 3669 ad
578 3607 780 3688 oppositum,
805 3608 882 3688 quia
906 3609 939 3669 in
963 3609 1023 3671 illis
1045 3619 1123 3672 sunt
