2684 4209
320 241 507 308 Drsnmcr.
532 244 644 308 XLVI
669 244 816 326 Qunsr.
842 246 855 308 I
1012 265 1074 327 431

958 367 1104 378 ——....

138 453 341 514 voluntatem
365 462 610 534 consequentem.
636 452 783 514 Vocatur
806 462 916 515 antem
948 452 1101 516 voluntas

128 559 324 622 antecedens
346 559 497 621 voluntas
520 559 750 632 conditionata,
775 559 859 621 sicut
882 559 1025 641 loquitur
1049 559 1101 622 A·

135 666 300 748 postolos:
319 668 410 729 Deus
424 666 495 728 vult
511 687 625 727 omnes
641 665 790 728 homines
805 666 911 728 salvos
933 665 1019 739 fieri,
1037 667 1100 730 hoc

127 773 223 835 >enim
247 782 296 835 est
326 773 572 855 intelligendum
601 774 641 835 de
671 774 840 836 voluntate
874 773 1098 847 antecedente,

136 900 213 961 quae
245 890 293 942 est
324 880 554 952 conditionata,
587 888 623 942 ut
654 880 778 962 patebit
810 881 845 942 in
882 877 1001 955 Queest.
1033 901 1096 962 seq.

137 986 302 1049 Voluntas
317 997 427 1048 autem
442 1007 633 1068 consequens
652 995 702 1048 est
716 988 867 1049 voluntas
883 987 1097 1049 determinata

130 1093 176 1154 de
199 1093 261 1155 isto
283 1094 449 1155 salvando.
474 1094 519 1154 Et
531 1094 647 1154 dicitur
663 1113 875 1174 consequens,
892 1094 969 1174 quia
984 1113 1018 1155 se
1042 1094 1098 1155 ha-

134 1200 191 1261 bet
214 1221 271 1281 per
293 1200 492 1262 additionem
516 1200 559 1262 ad
582 1200 732 1282 primam.
758 1236 802 1247 -
833 1199 894 1262 Vel
928 1201 1018 1262 aliter
1050 1219 1098 1262 se·

124 1307 281 1369 ·cundum
304 1307 383 1368 aiios
405 1307 556 1368 voluntas
578 1308 773 1369 antecedens
795 1316 844 1368 est
867 1307 927 1368 ista
950 1327 1026 1388 quae
1043 1327 1093 1369 re-

133 1413 229 1495 spicit
253 1423 404 1476 naturam
427 1414 592 1488 absolute;
616 1414 768 1476 voluntas
791 1433 992 1495 consequens
1020 1412 1097 1475 dici-

131 1529 186 1582 tur
209 1540 284 1601 quae
307 1520 436 1603 respicit
460 1541 631 1603 personam
655 1529 688 1582 et
711 1529 802 1582 actus
831 1521 1032 1601 personales;
1065 1530 1097 1582 et

133 1626 198 1689 hoc
213 1627 337 1689 dictum
354 1627 394 1689 sit
417 1636 578 1708 quantum
602 1628 644 1689 ad
668 1627 870 1689 voluntatem
893 1627 1095 1707 beneplaciti.

202 1736 254 1797 De
285 1734 453 1796 voluntate
481 1743 591 1795 autem
622 1733 716 1816 signi
745 1743 793 1796 est
823 1732 1091 1814 distinguendum

125 1841 217 1903 *sicut
239 1841 409 1922 distinguit
432 1841 587 1922 Magister
610 1841 641 1902 in
664 1841 764 1902 litera.
797 1841 882 1901 Nam
914 1840 1094 1902 secundum

130 1969 210 2009 eum
234 1947 443 2028 distinguitur
467 1947 497 2008 in
517 1957 721 2030 preceptum,
740 1945 1002 2027 prohibitionem,
1020 1966 1093 2008 con-

130 2054 257 2126 silinm,
272 2054 517 2135 permissionem
533 2064 566 2115 et
588 2054 811 2133 operationem.
830 2052 932 2132 Cujus
949 2052 1030 2114 ratio
1046 2062 1095 2115 est

128 2161 207 2242 quia
231 2163 321 2223 Deus
350 2181 406 2242 per
441 2161 642 2222 voluntatem
674 2181 767 2222 suam
799 2159 960 2222 ordinavit
992 2158 1093 2221 homi-

130 2287 206 2329 nem
229 2268 271 2329 ad
296 2268 395 2329 vitam
419 2277 586 2329 aeternam.
611 2267 715 2328 -In
740 2263 799 2328 ista
822 2275 932 2328 antem
961 2266 1091 2328 ordina-

128 2375 218 2437 tione
241 2384 316 2436 sunt
339 2375 447 2456 aliqua
467 2374 700 2455 prorreooentio,
728 2373 836 2454 aliqua
865 2371 1086 2453 impedientia,

127 2481 237 2562 aliqua
250 2482 483 2562 indifferentia.
498 2483 660 2564 Respecto
675 2479 938 2562 promoventium
951 2486 999 2540 est
1005 2487 1090 2558 pree-

119 2599 277 2669 >ceptnm,·
303 2599 448 2670 respectu
474 2589 720 2669 impedientium
748 2596 796 2648 est
813 2585 1008 2667 prohibiti03
1033 2586 1091 2647 sed

129 2705 275 2776 respectu
300 2694 549 2757 indifferentium
574 2703 623 2756 est
644 2693 826 2755 consilinm.
852 2693 987 2764 Verum,
1012 2691 1090 2772 quia

120 2801 169 2863 ad
193 2803 329 2864 salutem
354 2801 516 2863 concurrit
539 2800 675 2863 liberum
699 2799 878 2874 arbitrium,
902 2809 935 2860 et
952 2799 1088 2860 liberum

118 2908 295 2970 arbitrium
318 2919 367 2970 est
391 2907 572 2970 indifferens
595 2908 638 2969 ad
660 2907 785 2968 bonum
810 2915 842 2968 et
876 2906 918 2966 ad
955 2905 1088 2976 malum,

125 3017 200 3079 ideo
223 3016 355 3096 quando
378 3015 538 3077 convertit
561 3035 594 3075 se
617 3014 659 3076 ad
684 3014 807 3074 malum
839 3021 888 3074 est
913 3011 1090 3092 permissio

126 3125 262 3206 quando
286 3133 395 3184 autem
419 3122 578 3184 convertit
602 3142 636 3183 se
658 3121 702 3181 ad
725 3121 850 3182 bonum
874 3128 923 3181 est
950 3118 1091 3199 operatio

119 3233 195 3294 sive
213 3230 380 3312 promotio.

194 3446 259 3512 Be
281 3445 471 3512 oeoeteoolo
486 3441 687 3508 Artt⁰oetlo
710 3442 783 3504 dico
805 3440 868 3502 dno
882 3462 893 3500 .·
918 3439 1008 3519 quod
1032 3458 1092 3500 vo-

123 3556 233 3616 luntas
255 3551 349 3635 sigm
369 3560 418 3613 est
442 3549 615 3622 mutabilis,
639 3550 729 3630 quod
746 3556 836 3630 patet
860 3567 916 3628 per
933 3545 1036 3606 multa
1051 3544 1086 3606 in

120 3658 235 3723 Veteri
258 3659 478 3731 Testament0,
492 3677 567 3738 quae
592 3655 722 3718 fuerunt
737 3655 798 3718 sub
822 3661 988 3736 praecepto
1004 3671 1082 3733 quae
