2684 4209
266 279 329 342 242
524 263 599 325 Lus.
624 264 639 326 Ι
662 262 959 328 Sennnurmnuu

240 477 313 532 cata
335 467 472 531 venialia
494 467 635 532 totaliter
658 469 737 543 tolli,
768 469 860 551 quod
882 478 932 532 est
962 469 1209 535 inconveniens.

306 575 381 638 Ideo
402 573 474 638 dico
496 575 595 638 aliter
627 577 719 658 quod
749 575 924 639 diminutio
954 575 1121 639 charitatis
1146 596 1210 658 po-

238 690 301 745 test
331 681 433 763 accipi
468 682 518 745 vel
543 681 576 744 in
610 683 864 763 comparatione·
882 682 931 745 ad
962 682 1080 756 Deum,
1105 683 1211 746 etsie

239 788 385 852 concedo
407 789 498 871 quod
527 797 636 870 potest
667 789 780 863 minui,
811 789 890 872 quia
920 789 1210 871 quemadmodum

239 895 330 958 Deus
353 902 462 977 potest
478 915 581 957 unum
605 894 772 964 charitatis
795 896 935 979 gradum
959 917 1137 978 opponere,
1162 897 1208 960 ita

240 1009 349 1083 potest
382 1000 580 1064 subtrahere.
604 1001 666 1064 Vel
691 1011 800 1084 potest
822 1003 925 1084 accipi
956 1023 1014 1086 per
1043 1014 1223 1091 compara-¹

239 1107 356 1171 nbnem
372 1109 421 1171 aa'
439 1117 635 1180 creaturam,
655 1117 689 1171 et
704 1108 768 1171 hoc
787 1109 838 1172 vel
856 1130 913 1192 per
930 1119 1104 1192 peccatum
1122 1129 1210 1171 mor-

240 1215 312 1289 tale,
336 1215 481 1278 concedo
504 1215 596 1298 quod
619 1235 686 1278 non
710 1215 876 1290 minuitur,
901 1215 959 1278 sed
981 1216 1125 1278 totaliter
1149 1217 1210 1279 tol·

240 1321 332 1384 litur:
357 1321 382 1384 si
406 1341 463 1403 per
487 1330 659 1403 peccatum
682 1322 817 1396 veniale,
852 1322 927 1385 dico
949 1323 1041 1404 quod
1072 1342 1140 1385 non
1164 1323 1210 1385 di·

239 1427 394 1490 minuitur
417 1437 581 1509 quantum
604 1429 646 1490 ad
677 1428 907 1502 substantiam,
943 1428 1140 1491 diminuitur
1162 1437 1210 1491 ta-

158 1575 161 1582 ·
240 1554 316 1596 men
338 1543 499 1616 quantum
523 1535 565 1597 ad
589 1533 749 1597 servorem
772 1545 846 1597 tum
869 1536 946 1618 quia
969 1535 1094 1598 veniale
1116 1535 1209 1598 incli-

239 1648 295 1704 nat
317 1641 359 1703 ad
384 1641 529 1714 mortale,
553 1650 627 1704 turn
650 1642 728 1725 quia
747 1641 887 1705 charitas
907 1662 973 1705 non
997 1641 1043 1705 ita
1065 1641 1206 1705 inhaeret

237 1747 356 1810 animae
369 1767 445 1811 cum
459 1757 593 1830 peccato
605 1749 722 1811 veniali
738 1749 821 1811 sicut
840 1749 909 1812 sine
921 1757 1057 1830 peccato
1075 1749 1205 1812 veniali.

304 1853 363 1916 Ad
375 1854 525 1936 primum
548 1855 686 1918 alterins
707 1855 870 1937 opinionis
904 1855 978 1919 dico
1001 1855 1094 1937 quod
1119 1875 1218 1944 mor-¹

237 1961 301 2023 tale
323 1969 356 2024 et
378 1961 502 2024 veniale
525 1982 591 2025 non
615 1971 691 2024 sunt
713 1960 861 2043 ejusdem
885 1961 1027 2035 rationis,
1044 1961 1121 2025 ideo
1139 1982 1207 2025 non

237 2067 358 2131 habent
392 2067 526 2131 effectus
560 2068 743 2131 consimiles
777 2069 958 2131 secundum
994 2068 1206 2152 analogiam:

236 2175 314 2238 dato
336 2183 447 2237 tamen
471 2174 561 2256 quod
586 2174 727 2237 habeant
749 2173 883 2238 effectus
906 2175 1101 2248 consimiles
1128 2176 1204 2238 dico

236 2280 326 2362 quod
349 2291 398 2343 est
421 2281 598 2344 similitudo
622 2281 653 2343 in
679 2280 741 2343 hoc
776 2282 866 2363 quod
899 2282 1035 2345 mortale
1058 2283 1204 2344 totaliter

237 2387 426 2469 corrumpit,
444 2388 568 2450 veniale
591 2397 703 2450 autem
721 2388 882 2461 diminuit,
907 2396 1072 2470 quantum
1089 2389 1133 2451 ad
1148 2387 1209 2451 fer·
1325 2394 1326 2399 ’

237 2515 360 2568 vorem,
386 2515 451 2557 non
476 2503 640 2576 quantum
664 2495 707 2556 ad
730 2495 957 2557 substantiam.

304 2601 362 2663 Ad
380 2602 555 2664 secundnm
590 2601 664 2663 dico
698 2601 789 2682 quod
823 2601 906 2664 sicut
940 2611 990 2664 est
1024 2603 1207 2684 praemium

237 2707 405 2770 essentiale
428 2717 461 2769 et
490 2708 690 2770 accidentale
721 2707 765 2768 ita
788 2718 837 2770 est
868 2708 996 2770 dilectio
1026 2709 1207 2771 essentialis

237 2823 270 2876 et
292 2813 507 2877 accidentalis.
534 2815 624 2876 Deus
649 2815 955 2900 autemfleeqnnliter
976 2815 1083 2896 diligit
1107 2815 1205 2878 dilec-

238 2921 325 2983 tione
347 2920 514 2983 essentiali
544 2930 735 3002 peccantem
766 2930 800 2983 et
830 2941 895 2983 non
928 2931 1122 3002 peccantem
1154 2941 1209 2984 ve-

239 3027 372 3100 nialiter,
407 3028 577 3108 supposito
607 3036 718 3089 tamen
754 3028 844 3108 quod
876 3027 1019 3090 habeant
1060 3029 1206 3090 eandem

237 3132 446 3210 charitatem;
471 3134 527 3195 sed
548 3133 653 3216 diligit
676 3153 732 3195 eos
755 3155 818 3196 nan
834 3134 1007 3215 aqualiter
1028 3133 1207 3197 dilectione

236 3239 435 3314 accidentali,
460 3240 536 3322 quia
561 3250 751 3321 peccantem
783 3241 948 3302 venialiter
979 3241 1050 3302 vult
1083 3241 1203 3322 punire

239 3347 348 3428 aliqua
372 3365 471 3427 poena
494 3347 677 3428 temporali.
755 3353 761 3364 '

307 3557 367 3620 Ao
392 3572 625 3621 ARGUMENTA
640 3571 884 3622 narnensem
908 3567 999 3641 patet
1029 3579 1073 3621 ex
1098 3559 1207 3622 dictis.

240 3663 298 3724 An
312 3663 460 3745 prisneem
484 3673 574 3745 patet
597 3685 640 3726 ex
664 3665 757 3727 tertia
779 3665 853 3727 Art.
880 3702 920 3713 —
945 3666 1004 3727 Aa
1025 3666 1208 3728 secundnm

242 3778 332 3850 patet
354 3789 397 3832 ex
420 3780 544 3851 quarta.
