2684 4209
284 157 347 223 352
554 145 629 209 Lm.
654 147 668 208 Ι
693 145 988 212 Srurrmnnun

284 343 289 352 ’
327 344 503 418 Secunda
530 346 728 418 Conclusio
743 353 921 434 patet,quia
936 351 1074 415 essentia
1091 373 1161 414 non
1178 363 1226 414 est

257 476 407 539 persona,
432 457 489 520 sed
504 456 627 542 aliquid
649 478 808 540 personae.
827 459 882 522 Ex
907 458 968 521 hoc
991 457 1141 541 arguitur
1163 458 1224 520 sic:

261 563 404 645 Quando
427 563 548 645 aliquid
572 564 779 628 constituitur
803 587 846 628 ex
863 565 1002 639 duobus
1030 585 1177 646 quorum
1195 587 1229 626 u·

151 681 156 688 ’
259 691 340 733 num
365 690 430 733 non
453 679 503 733 est
526 671 613 733 idem
629 671 772 734 totaliter
787 672 888 747 alteri,
904 681 984 735 tunc
999 672 1129 734 nullum
1147 691 1226 734 con-

259 776 462 840 stituentium
485 786 535 840 est
557 778 644 840 idern
660 778 801 844 totaliter
824 779 885 842 toti
899 779 1146 860 et.adaequate;
1168 779 1225 841 sed

259 904 398 966 persona
428 883 634 947 constituitur
657 905 702 947 ex
731 886 869 949 essentia
896 895 928 949 et
958 885 1169 968 proprietate,
1193 895 1225 947 et

258 991 439 1074 proprietas
462 1012 528 1054 non
550 999 599 1054 est
622 991 763 1055 totaliter
778 993 893 1056 eadem
916 1013 994 1055 curn
1009 991 1160 1065 essentia,
1187 1003 1224 1054 ut

259 1107 349 1181 patet
363 1119 406 1161 ex
415 1099 553 1180 proeced.
574 1097 713 1174 Quaest.,·
735 1119 815 1182 ergo
827 1119 966 1181 persona
981 1118 1047 1161 non
1069 1107 1119 1161 est
1134 1099 1224 1160 idem

258 1206 432 1288 adaequate
444 1206 534 1287 quod
549 1205 697 1268 essentia.
714 1205 782 1269 Sed
791 1206 881 1268 dices
894 1228 906 1268 .·
930 1214 979 1268 est
1002 1225 1042 1268 ne
1058 1204 1146 1267 idem
1164 1203 1225 1266 for·

200 1354 202 1357 -
259 1311 408 1374 maliter?
432 1311 516 1375 Dico
539 1312 630 1393 quod
653 1312 679 1375 si
702 1311 840 1374 essentia
863 1311 1018 1394 accipitur
1042 1319 1080 1374 ut
1103 1310 1220 1373 sunda·

260 1427 408 1481 mentum
432 1417 644 1493 formalitatis,
668 1428 702 1482 et
719 1440 856 1502 persona
879 1428 917 1482 ut
931 1417 1098 1492 terminus,
1116 1419 1163 1480 sic
1178 1438 1221 1481 es

258 1525 361 1588 sentia
384 1545 450 1588 non
473 1534 523 1588 est
545 1525 632 1588 idern
662 1525 848 1601 formaliter,
880 1525 958 1608 quia
988 1545 1055 1588 non
1086 1523 1222 1588 includit

258 1630 489 1694 formalitatem
513 1651 673 1714 personae.

261 1881 267 1890 -
325 1844 387 1907 An
411 1857 675 1916 incrusurum
699 1859 737 1906 ru
766 1857 1010 1909 couruanrun
1033 1843 1108 1906 dico
1130 1844 1220 1925 quod

258 1951 312 2014 illa
327 1972 402 2032 quae
418 1959 495 2014 sunt
510 1950 597 2014 idem
610 1951 796 2034 simpliciter
808 1960 841 2013 et
863 1951 1003 2014 totaliter
1018 1951 1114 2014 alicui
1126 1950 1221 2012 tertio

258 2068 334 2121 sunt
356 2058 471 2120 eadem
496 2058 577 2120 inter
599 2079 642 2120 se.
668 2057 733 2122 Sed
757 2066 846 2140 patet
869 2079 912 2120 ex
935 2057 1028 2120 dictis
1049 2057 1140 2139 quod
1154 2078 1223 2139 per-

258 2183 337 2226 sona
361 2184 427 2226 non
450 2173 500 2227 est
521 2165 636 2227 eadem
660 2165 802 2226 totaliter
817 2172 850 2226 et
870 2165 1042 2246 adaequate
1056 2163 1222 2236 essenti&

255 2290 337 2353 ergo
353 2290 419 2333 non
435 2279 564 2353 oportet
587 2271 677 2353 quod
701 2270 763 2333 sint
786 2271 901 2333 eadem
925 2270 1007 2334 inter
1028 2290 1072 2333 se.
