2684 4209
220 281 286 352 '94
508 273 582 337 Lm.
607 274 631 378 ΙΙ
645 273 939 339 SENTENTIARUM

214 478 365 541 tellectus
387 479 522 561 agentis.
541 479 677 542 -Aliter
702 480 786 542 dicit
813 479 936 552 Scotus,
968 482 1059 562 quod
1082 503 1180 564 argu·

221 595 368 647 mentum
393 606 458 648 non
482 586 577 660 valet,
602 587 680 668 quia
702 607 760 649 ens
783 607 849 649 non
873 595 921 649 est
945 587 1089 668 primum
1118 589 1179 652 ob-

212 691 340 774 jectum
365 691 545 755 intellectus
568 714 628 774 pro
652 703 739 756 statu
764 694 835 768 isto,
859 694 916 756 sed
932 714 974 755 ex
989 703 1111 757 natura
1120 706 1179 776 po-

219 799 337 871 tentioe,
365 808 398 861 et
421 799 493 860 ideo
517 820 577 880 pro
600 808 686 862 statu
705 801 766 874 isto
783 820 848 862 non
866 820 1040 882 possumus
1055 821 1179 884 cogno-

215 926 306 969 scere
330 905 439 967 Deum
464 905 623 968 distincte.

285 1118 346 1181 An
370 1131 554 1181 RAT10Nas
579 1130 827 1192 PRINCIPALES,
844 1139 919 1200 quae
943 1128 1036 1182 erant
1058 1140 1118 1202 pro
1141 1141 1178 1183 o-

218 1225 350 1308 pinione
372 1224 523 1300 Thomae,

283 1333 341 1394 Ad
355 1332 504 1413 primum
528 1333 601 1394 dico
625 1332 715 1414 quod
725 1331 871 1413 potentia
887 1341 920 1393 et
934 1331 1087 1414 objectum
1110 1352 1176 1397 non

213 1439 505 1520 proportionantur
530 1438 560 1501 in
593 1440 693 1500 modo
723 1439 858 1512 essendi,
887 1446 920 1499 et
943 1438 996 1499 illa
1013 1440 1177 1520 proportio

216 1565 282 1608 non
307 1555 354 1607 est
376 1545 621 1618 similitudinis,
657 1546 713 1607 sed
745 1544 1043 1618 dissimilitudinis,
1078 1554 1112 1608 et
1141 1567 1176 1609 se

216 1649 315 1714 habet
338 1652 420 1714 sicut
443 1653 587 1714 actiVum
610 1662 643 1714 et
667 1651 842 1732 passivum,
867 1661 900 1713 et
927 1651 1010 1714 sicut
1040 1672 1176 1716 movens

210 1767 247 1820 et
271 1759 399 1832 mobile,
424 1768 456 1820 et
479 1759 552 1820 ideo
575 1778 617 1820 ex
642 1759 743 1820 modo
766 1758 890 1820 essendi
919 1758 1075 1840 potentiae
1106 1778 1172 1822 non

214 1873 322 1946 potest
345 1865 495 1927 concludi
520 1865 638 1926 modus
660 1864 786 1927 essendi
811 1864 843 1925 in
868 1863 1010 1944 object0.

279 1972 338 2033 Ad
356 1971 542 2043 secundum,
572 1992 657 2052 nego
682 1972 836 2053 masbrem
861 1971 886 2031 si
911 1971 1109 2052 intelligatur
1132 1972 1174 2035 de

205 2078 318 2160 primo
349 2077 478 2159 objecto
514 2078 678 2159 primitate
712 2077 960 2158 adaequationis,
1000 2077 1083 2139 sicut
1118 2076 1172 2141 hic

213 2185 385 2266 quaeritur;
408 2205 485 2246 nam
510 2185 655 2266 potentia
680 2204 745 2246 non
762 2192 971 2264 comparatur
995 2185 1036 2245 ad
1064 2183 1174 2264 objec-

211 2299 284 2352 tum
313 2311 412 2372 penes
440 2289 632 2354 infinitatem
666 2290 723 2352 sed
756 2310 855 2371 penes
885 2290 1099 2363 latitudinem,
1130 2291 1174 2353 ita

210 2397 302 2480 quod
326 2406 458 2478 quanta:
484 2397 661 2459 latitudinis
685 2405 733 2458 est
758 2397 905 2477 potentia
929 2398 962 2459 in
991 2395 1173 2478 apprehen-

211 2503 330 2577 dend0,
355 2513 455 2566 tantae
479 2513 527 2565 est
551 2502 717 2584 objectum
741 2503 774 2565 in
798 2503 1010 2584 praedicando
1033 2512 1066 2564 et
1095 2522 1173 2566 con-

211 2609 358 2672 tinend0.

278 2717 336 2778 Ad
363 2716 494 2778 tertium
527 2737 611 2795 nego
641 2716 907 2790 similitudinem,
940 2715 1016 2796 quia
1047 2716 1174 2778 colores

213 2831 346 2900 movent
362 2823 468 2904 primo
484 2822 525 2884 ad
543 2822 787 2904 percipiendum
804 2841 851 2896 se,
869 2821 1098 2903 phantasmata
1113 2843 1172 2883 au·

210 2938 278 2991 tem
304 2949 369 2990 non
393 2930 437 2991 sic
461 2929 568 3011 primo
592 2938 726 2991 movent
749 2929 791 2990 ad
815 2949 858 3003 se,
887 2929 943 2990 sed
972 2929 1013 2990 ad
1043 2928 1172 2990 univer-

209 3035 285 3108 sale,
310 3045 390 3117 puta
413 3036 455 3097 ad
478 3055 535 3098 ens
559 3035 779 3097 universaliter
803 3045 984 3117 sumptum.

277 3143 336 3203 Ad
354 3151 508 3224 quartum
532 3142 606 3204 dico
629 3142 719 3223 quod
747 3142 830 3204 bene
858 3141 966 3230 arguit
994 3141 1035 3202 de
1063 3141 1171 3222 primo

207 3247 339 3328 objecto
362 3248 542 3310 intellectus
563 3269 625 3331 ¹pro
649 3257 735 3310 stato
759 3247 829 3321 ist0,
846 3249 903 3309 sed
920 3267 985 3309 non
1006 3246 1171 3328 deprimo

209 3353 339 3435 objecto
363 3355 542 3416 intellectus
565 3375 608 3416 cx
633 3364 749 3416 natura
777 3354 943 3436 potentiae,
972 3353 1049 3434 quia
1077 3354 1172 3417 intel-

209 3461 311 3523 lectus
326 3482 369 3523 ex
385 3471 500 3524 natura
517 3461 671 3543 potentiae
690 3460 788 3522 habet
800 3470 910 3523 actum
923 3459 1172 3542 circumscripto

209 3565 447 3650 phantasmate,
472 3568 555 3631 sicut
579 3576 668 3650 patet
693 3567 725 3629 in
749 3568 858 3630 anima
874 3575 1033 3649 separata.
