2684 4209
395 205 581 272 Drsnnrcr.
605 205 651 267 111
677 203 824 286 Quasi.
848 202 878 265 ΙΙ
1056 217 1095 280 91

157 409 218 472 sub
241 411 368 473 ratione
391 411 458 473 veri
484 420 594 474 movet
607 410 816 482 intellectum,
841 429 898 490 per
922 406 1124 470 Anselmum

158 515 196 577 de
226 517 375 589 veritate,
411 517 467 598 qui
498 517 577 578 dicit
608 516 698 598 quod
733 516 852 578 veritas
881 522 930 576 est
961 512 1127 576 rectitudo-

159 623 226 684 sola
251 632 362 686 mente
385 623 618 705 perceptibilim
642 643 731 705 ergo
756 632 817 684 etc.

221 725 362 797 Contra
375 727 491 797 alatam
502 727 733 815 Opim'onem,
747 729 894 811 arguitur
906 727 960 789 sic:
975 726 1121 788 Primum

162 835 328 916 objectum
354 839 509 918 potentia:
533 836 631 898 debet
655 835 775 897 habere
798 834 961 916 duplicem
977 851 1128 895 commu·

163 942 310 1016 nitatem,
336 944 386 1006 vel
410 944 451 1005 ad
476 943 583 1006 minus
607 944 753 1015 alteram,
778 942 898 1004 scilicet
914 939 1123 1022 praedicatio-

160 1050 211 1112 nis
233 1060 267 1112 et
291 1051 520 1113 virtualitatis.
547 1049 611 1113 Sed
625 1070 737 1111 verum
751 1068 815 1110 non
830 1048 928 1110 habet
943 1045 1129 1109 communi-

159 1165 263 1219 tatem
283 1157 540 1238 proedicatiomir,
565 1156 643 1238 quia
672 1177 737 1217 non
766 1154 882 1217 dicitur
911 1154 946 1215 in
974 1152 1058 1234 quid
1082 1152 1125 1214 de

162 1273 236 1326 ente
261 1284 337 1325 cum
362 1264 403 1325 sit
425 1264 495 1344 ejus
518 1264 639 1345 passi0,
657 1261 832 1324 nechabet
851 1260 1121 1322 communitatem

159 1370 307 1442 virtutis,
335 1371 412 1452 quia
440 1370 497 1432 lroc
526 1391 638 1432 verum
668 1369 758 1450 quod
786 1378 834 1431 est
863 1369 894 1429 in
924 1367 1030 1448 lapide
1057 1385 1122 1427 non

161 1477 308 1539 continet
331 1477 522 1540 virtualiter
544 1477 697 1559 lapidem,
721 1476 777 1538 sed
802 1474 911 1556 potius
933 1493 1128 1536 econverso

161 1583 248 1664 lapis
271 1584 416 1646 continet
440 1605 562 1646 verum.

227 1691 397 1762 Praeterea,
423 1691 565 1772 primum
591 1690 774 1770 subjectum
800 1687 930 1750 habitus
953 1706 1019 1748 non
1044 1705 1126 1766 prae-

161 1797 248 1858 cedit
273 1797 459 1859 naturaliter
483 1796 649 1877 objectum
675 1797 818 1878 primum
848 1795 1003 1876 potentiae
1032 1792 1126 1872 cujus

160 1912 208 1965 est
233 1903 293 1964 iste
318 1903 461 1977 habitum
487 1905 543 1965 sed
572 1924 629 1965 ens
657 1913 705 1964 est
733 1902 898 1982 objectum
928 1898 1126 1982 metaphysi-

164 2029 226 2082 cae,
252 2031 332 2091 ergo
356 2031 468 2072 verum
492 2030 557 2072 non
582 2018 630 2072 est
654 2009 820 2090 objectum
837 2007 1026 2080 intellectuS,
1047 2005 1125 2087 quia

160 2115 251 2178 aliter
272 2116 438 2197 objectum
458 2115 587 2178 habitus
604 2117 804 2198 praecederet
824 2114 990 2195 objectum
1013 2122 1125 2194 poten-

160 2223 227 2284 tiae.

230 2325 294 2396 Aa
310 2327 485 2415 primum
508 2327 707 2415 opimam&
729 2329 803 2391 dico
827 2328 916 2409 quod
940 2337 988 2389 est
1011 2327 1052 2388 ad
1069 2347 1125 2408 op-

161 2437 318 2518 positum,
343 2438 419 2518 quia
442 2438 524 2499 sicut
548 2438 700 2526 voluntas
724 2457 788 2497 non
813 2442 921 2516 potest
937 2433 1056 2495 habere
1076 2453 1126 2495 ac-

161 2551 233 2604 tum
260 2543 345 2605 circa
368 2543 529 2624 ignotum,
556 2544 599 2605 ita
623 2563 689 2604 non
707 2552 814 2623 potest
830 2551 983 2622 appetere
1003 2540 1125 2620 aliquid

160 2650 222 2712 sub
247 2650 370 2711 ratione
392 2651 500 2730 aliqua
523 2670 598 2730 quae
623 2650 663 2711 sit
687 2649 816 2730 penitus
840 2649 966 2729 ignota;
983 2667 1062 2727 ergo
1079 2646 1126 2708 bo-

160 2777 240 2818 num
265 2776 330 2817 non
355 2765 403 2818 est
427 2756 561 2837 praecise
586 2755 752 2835 objectum
777 2755 963 2826 voluntatiS,
992 2774 1067 2814 cum
1092 2773 1125 2813 a·

160 2863 315 2944 spiciatur
340 2883 396 2944 per
426 2883 459 2924 se
488 2862 529 2924 ab
562 2863 741 2933 intellectu,
774 2871 806 2923 et
837 2861 981 2922 similiter
1012 2880 1126 2920 acrum

163 2989 229 3030 non
255 2978 304 3030 est
327 2969 500 3050 praecisum
525 2968 691 3048 objectum
717 2968 905 3030 intellectus.
920 2966 1031 3029 -Cum
1048 2985 1126 3026 vcro

165 3075 284 3137 dicitur
315 3077 405 3156 quod
437 3076 598 3137 distinctae
630 3076 786 3156 potentia:
819 3074 939 3135 habent
975 3072 1126 3133 distincta

160 3181 300 3262 objecta,
325 3192 373 3244 est
389 3183 564 3244 dicendum
582 3182 671 3261 quod
689 3181 849 3242 distinctae
867 3180 1021 3261 potentia}
1050 3188 1126 3240 sunt

163 3289 195 3350 in
221 3289 348 3370 trz'plici
369 3289 568 3369 differentia,
597 3289 674 3369 quia
697 3297 772 3348 sunt
795 3288 944 3368 quaedam
969 3285 1124 3367 potentiae

166 3396 302 3457 omnino
326 3396 510 3476 disparatae,
536 3395 618 3457 sicut
642 3396 798 3476 potentiae
823 3393 1030 3475 particulares
1058 3412 1126 3453 sen

160 3501 275 3576 sitivae,
300 3511 333 3564 et
359 3503 428 3564 istae
453 3501 575 3564 habent
599 3523 655 3583 per
680 3523 714 3562 sc
737 3501 888 3562 distincta
912 3500 1048 3580 objecta.
1073 3499 1125 3560 Sc-

159 3609 275 3672 cunda
299 3619 375 3670 sunt
399 3610 555 3690 potentiae
580 3608 811 3680 subordinate,
841 3617 873 3668 et
901 3607 964 3668 hoc
992 3605 1125 3687 duplici-
