2684 4209
336 259 522 322 Drsrnrcr,
547 257 663 322 XXVI
689 257 835 340 Qumsr.
860 258 875 321 1
1023 267 1088 339 297

217 465 338 528 Ultimo
353 464 414 527 sic:
432 464 485 526 illa
500 473 576 526 sunt
592 462 740 526 formalia
755 463 966 526 constitutiva
981 463 1108 545 aliquo-

141 593 229 646 rum,
253 571 372 653 quibus
394 571 654 652 circumscriptis,
691 569 760 651 ipsa
784 575 952 633 remanent
975 571 1104 652 penitus

142 679 347 754 indistincta;
383 678 440 740 sed
475 677 684 740 relationibus
717 677 1010 758 circumscriptisa
1041 697 1111 758 per-

140 786 242 856 sonis,
271 785 350 867 ipsae
374 794 542 847 remanent
558 785 687 866 penitus
703 784 916 858 indistinctae;
941 804 1021 865 ergo
1038 803 1109 864 per·

142 913 237 955 sonae
261 891 503 954 constituuntur
526 913 583 973 per
607 891 786 954 relationes.

213 995 279 1067 Ad
297 1001 529 1085 argumento
552 996 670 1065 tertire
684 995 881 1084 opz‘nrone‘s
910 1017 986 1079 quae
1003 997 1112 1078 posuit

144 1127 302 1188 personas
324 1105 478 1187 distingui
503 1125 560 1187 per
584 1106 701 1168 modos
724 1105 913 1167 intrinsecos
934 1105 1111 1178 absolutos,

142 1215 214 1277 sive
238 1234 295 1295 per
318 1213 532 1295 proprietates
558 1212 734 1284 absolutas,
760 1211 960 1293 respondeo:

214 1320 273 1382 Ad
291 1321 441 1401 primum
476 1340 533 1401 per
557 1319 842 1400 interemptionem
872 1318 1019 1381 minoris.
1054 1317 1112 1380 Ad

138 1427 375 1510 probationem,
399 1447 476 1488 curn
507 1426 624 1488 dicitur
654 1427 746 1508 quod
781 1426 859 1487 illud
890 1446 958 1506 quo
990 1424 1114 1506 aliquid

148 1533 283 1596 refertur
306 1554 372 1596 non
396 1533 565 1596 constituit
580 1533 698 1615 ipsum,
712 1534 786 1595 dico
802 1533 891 1615 quod
909 1532 972 1594 hoc
996 1551 1112 1594 verum

146 1649 197 1703 est
213 1641 245 1702 in
261 1640 470 1703 relationibus
485 1650 721 1726 creaturarum,
738 1661 813 1722 qua:
831 1647 907 1702 sunt
934 1637 1113 1701 accidentia

143 1747 204 1810 sed
228 1747 288 1809 ista
304 1747 484 1829 propositio
500 1757 549 1810 est
572 1746 651 1810 falsa
674 1747 716 1809 de
739 1746 950 1809 relationibus
973 1745 1111 1816 divinis,

144 1875 224 1936 quae
249 1875 314 1917 non
338 1863 415 1916 sunt
437 1854 625 1927 accidentia,
650 1855 708 1916 sed
732 1863 807 1916 sunt
839 1853 1010 1915 relationes
1041 1853 1116 1915 sub·

146 1961 308 2024 sistentes.

215 2068 274 2130 Ao’
292 2067 468 2130 secundom
493 2067 608 2130 dicitur
635 2066 864 2149 multipliciter:
889 2066 1005 2129 Primo
1024 2065 1115 2147 quod

148 2174 262 2237 relatio
285 2174 455 2256 dupliciter
490 2183 597 2256 potest
628 2175 741 2256 accipi,
772 2174 891 2236 scilicet
919 2173 1115 2254 inquantum

148 2281 273 2353 relatio,
298 2282 348 2343 vel
373 2280 567 2362 inquantum
585 2281 779 2363 proprietas,
803 2290 836 2343 et
859 2281 921 2342 isto
945 2279 1045 2341 modo
1066 2299 1114 2341 re·

150 2388 227 2450 latio
250 2387 359 2450 divina
381 2388 549 2450 constituit
571 2397 603 2449 et
627 2387 838 2469 praecedit.-
864 2387 975 2450 Aliter
999 2385 1115 2448 dicitur

145 2494 241 2576 quod
257 2495 368 2557 relatio
384 2495 554 2576 dupliciter
567 2493 683 2556 dicitur
700 2495 731 2556 in
753 2493 878 2566 divinis,
900 2493 1019 2555 scilicet
1036 2492 1116 2554 rela-

144 2603 196 2664 tio
219 2601 413 2682 inquantum
437 2602 561 2676 relatio,
586 2612 619 2664 et
643 2602 754 2664 relatio
782 2601 975 2682 inquantum
1012 2599 1112 2682 origo,

144 2716 183 2769 et
205 2707 268 2770 isto
296 2708 440 2770 secundo
472 2709 572 2771 modo
604 2707 716 2770 relatio
747 2707 855 2770 divina
886 2707 1053 2769 constituit
1084 2716 1117 2768 et

149 2813 495 2895 praecedit-Aliter
517 2815 634 2876 dicitur
657 2815 748 2896 quod
772 2814 803 2876 in
828 2813 967 2876 relativis
995 2823 1043 2875 est
1069 2813 1114 2875 si·

147 2921 274 2982 multas
300 2929 334 2983 et
358 2921 528 3003 prioritas;
560 2921 708 2983 simultas
745 2921 878 3003 quidem
919 2929 1045 2982 naturae
1086 2931 1118 2981 et

149 3027 299 3109 prioritas
329 3028 471 3110 originis.
505 3029 590 3109 Quae
623 3028 738 3090 harum
771 3028 970 3090 solutionum
1002 3027 1042 3088 sit
1065 3047 1120 3088 ve·

149 3134 215 3195 rior
239 3133 363 3196 dicetur
388 3133 470 3197 infra
492 3135 580 3197 Dist.
609 3134 663 3198 28.

218 3241 277 3302 Ad
297 3241 439 3313 tertium,
468 3241 541 3303 dico
564 3243 654 3323 quod
679 3241 790 3303 relatio
813 3251 862 3303 est
885 3241 1020 3322 duplex,
1038 3240 1121 3302 scili-

145 3357 203 3410 cet
227 3346 401 3420 r'ulroerens,
436 3349 519 3410 sicut
550 3349 581 3410 in
613 3349 776 3420 creaturis,
808 3357 840 3410 et
865 3359 926 3429 por
957 3369 989 3410 se
1020 3347 1119 3409 subsi-

146 3465 246 3527 stens,
266 3454 349 3517 sicut
372 3455 404 3517 in
428 3456 553 3531 divinis;
578 3455 683 3536 prima
707 3455 818 3517 relatio
840 3475 904 3517 non
922 3453 997 3516 facit
1014 3475 1120 3536 perse

149 3581 256 3624 unum
280 3583 356 3624 cum
381 3572 506 3635 natura,
538 3563 594 3624 sed
625 3563 777 3624 secunda.

221 3668 278 3731 Sic
311 3670 417 3732 eodem
452 3671 543 3732 modo
570 3670 618 3732 ad
645 3680 809 3751 quartum.
840 3668 994 3733 Concedo
1030 3667 1119 3731 enim
