2684 4209
242 301 285 366 66
471 300 545 362 Lrs.
569 300 584 363 1
608 299 902 364 Ssnssn'rmnun

219 508 266 571 cit
294 506 393 569 etiam
430 492 678 570 commentator
712 505 771 568 sibi
807 506 876 589 ipsi,
912 507 967 569 lib.
997 526 1028 569 2.
1060 508 1133 571 coeli
1152 518 1185 571 et

221 613 348 685 mundi,
373 613 414 674 de
437 612 515 695 igne
537 632 677 674 excusso
700 612 741 674 de
765 612 880 695 lapide,
908 622 941 675 et
964 614 1005 675 de
1035 614 1111 696 igne
1140 614 1183 677 ab

221 720 283 782 alio
307 719 418 802 genito
443 719 598 801 quisunt
627 717 775 799 ejusdem
807 728 933 781 naturae
957 718 1125 801 specificae,
1149 730 1183 783 et

221 837 332 888 tamen
379 846 436 907 per
467 825 567 886 alium
600 824 736 887 modum
767 826 978 906 producendi.
1010 826 1080 888 Nec
1110 848 1183 889 auc·

220 932 333 994 toritas
355 940 405 993 est
428 932 469 993 ad
498 931 714 1012 propositum,
749 931 825 1013 quia
856 931 942 993 idem
973 931 1051 994 dicit
1083 932 1182 996 Com-

224 1046 386 1117 mentator
399 1046 511 1099 contra
524 1036 731 1099 Avicennam
748 1037 799 1098 cui
812 1036 967 1119 imposuit
979 1038 1069 1120 quod
1081 1038 1183 1101 homo

221 1153 349 1226 poterat
382 1143 525 1227 generari
557 1144 727 1225 aequivoce
760 1143 843 1206 sicut
870 1153 902 1206 et
933 1144 1084 1207 animalia
1106 1164 1182 1226 quae

221 1260 417 1333 generantur
441 1271 497 1332 per
523 1250 728 1332 putredinem
752 1250 820 1313 sine
842 1251 974 1313 semine.

286 1358 345 1420 Ad
375 1358 474 1419 aliud
499 1357 572 1419 dico
603 1358 694 1439 quod
726 1367 830 1419 inatus
860 1378 926 1420 non
957 1356 1182 1439 specificantur

221 1463 354 1545 praecise
376 1484 420 1525 ex
443 1463 602 1538 terminis,
635 1465 711 1545 quia
743 1473 851 1526 motus
881 1473 987 1527 rectus
1016 1473 1050 1526 et
1074 1473 1182 1527 motus

221 1571 391 1645 circularis,
424 1580 460 1631 ut
492 1571 583 1651 ponit
618 1570 835 1652 Philosophus
852 1589 888 1654 5.
919 1570 1021 1652 Phys.
1046 1579 1182 1653 possunt

220 1676 384 1739 terminari
411 1678 455 1738 ad
476 1665 578 1739 ¹idem
617 1697 764 1751 numer0,
784 1678 840 1758 qui
868 1686 977 1740 motus
996 1677 1028 1739 in
1051 1686 1180 1740 tantum

221 1782 382 1859 differunt,
407 1784 498 1865 quod
521 1803 587 1845 non
611 1792 687 1845 sunt
709 1785 751 1845 ad
775 1783 913 1846 invicem
936 1784 1180 1866 comparabiles,

221 1908 251 1974 7.
276 1888 408 1971 Plaeysic.
425 1926 438 1936 -
453 1891 499 1953 Et
520 1900 567 1953 est
590 1891 779 1964 notandum,
801 1891 891 1971 quod
915 1890 975 1953 ista
987 1890 1180 1972 propositio:

221 2005 371 2058 motuum
395 1996 612 2058 differentium
636 1996 742 2078 specie
770 2005 845 2058 sunt
875 1997 1002 2059 termini
1033 1995 1181 2058 differen-

219 2112 267 2165 tes
297 2103 412 2185 specie‚
445 2104 607 2184 dependet
637 2123 681 2165 ex
712 2102 786 2164 ista:
818 2104 908 2184 quod
940 2102 1046 2165 forma
1068 2103 1182 2185 fluens

219 2218 268 2272 est
289 2209 435 2291 ejusdem
460 2209 591 2271 rationis
614 2230 691 2271 cum
716 2208 821 2275 forma
844 2210 1047 2285 terminante,
1076 2220 1110 2272 et
1125 2209 1181 2271 ubi

219 2316 279 2378 ista
301 2325 350 2379 est
373 2315 451 2378 falsa
474 2316 571 2378 etiam
595 2316 649 2378 illa
671 2315 732 2378 erit
754 2315 850 2391 falsa;
874 2317 931 2378 sed
955 2315 989 2379 in
1013 2316 1181 2398 proposito

219 2422 262 2485 ita
285 2432 342 2496 est,
366 2422 443 2505 quia
466 2422 632 2505 generatio
660 2434 708 2485 est
740 2423 860 2497 relati0,
884 2423 1046 2484 terminus
1070 2432 1181 2485 autem

220 2528 362 2592 formalis
384 2539 433 2591 est
456 2530 601 2603 essentia,
634 2550 710 2612 quae
741 2539 789 2593 est
819 2529 941 2612 aliquid
972 2529 1179 2604 absolutum

218 2656 293 2717 quae
318 2656 383 2699 non
406 2644 482 2697 sunt
512 2636 658 2717 ejusdem
691 2636 831 2698 rationis.
864 2636 909 2698 Et
938 2636 1012 2698 ideo
1043 2635 1075 2697 in
1106 2655 1181 2716 pro-

219 2742 325 2825 posito
349 2742 402 2805 illa
425 2743 534 2825 ntajor
554 2751 603 2805 est
626 2741 715 2804 falsa.

285 2848 343 2911 Ad
363 2849 494 2913 tertium
518 2850 591 2911 dico
615 2849 706 2931 quod
735 2847 819 2911 filius
849 2870 915 2912 non
946 2857 1053 2931 potest
1083 2868 1180 2930 gene-

219 2976 297 3029 rare,
321 2955 398 3037 quia
413 2956 624 3037 suppositum
641 2956 797 3037 recipiens
812 2954 951 3017 formam
968 2976 1025 3037 per
1041 2954 1180 3036 produc-

218 3061 340 3124 tionem
364 3062 575 3151 adaequatam
600 3061 643 3123 illi
667 3061 782 3124 formae
799 3082 865 3124 non
882 3070 989 3144 potest
1017 3082 1073 3143 per
1093 3060 1181 3123 illam

219 3167 358 3230 formam
375 3169 568 3249 producere;
585 3168 642 3231 sed
665 3167 753 3231 silius
780 3167 891 3250 recipit
907 3168 1099 3231 memoriam
1120 3165 1181 3229 soe-

218 3274 360 3337 condam
385 3294 442 3356 per
466 3275 718 3356 productionem
742 3275 951 3357 adaequatam
982 3275 1025 3336 ini
1056 3293 1181 3336 memo-

219 3380 292 3456 riae;
316 3400 396 3462 ergo
419 3400 485 3445 non
510 3391 617 3465 potest
648 3401 803 3466 generare
840 3380 907 3443 sive
938 3382 1116 3463 producere
1145 3400 1180 3441 a·

223 3486 300 3549 lium
325 3484 439 3550 filium.

284 3700 349 3767 Be
386 3700 530 3767 strtio
568 3700 778 3784 Ανίιόαῐο,
807 3709 856 3764 est
885 3720 973 3765 error
1003 3698 1178 3765 Commen-

217 3808 340 3883 tatoris,
363 3806 420 3890 qui
448 3807 573 3871 deridet
605 3806 804 3872 Christianos
834 3826 887 3873 12.
911 3804 1058 3890 Metaph.
1075 3804 1185 3870 dicens
