2684 4209
372 204 557 269 D1smucr.
583 204 680 268 XVII
705 203 851 285 Qunsr.
875 205 890 268 Ι
1063 219 1127 286 227

253 410 312 472 Ad
330 409 482 491 quintum
507 418 643 493 negetur
666 410 776 473 minor
805 410 1057 493 prosyllogismi‚
1074 410 1151 492 quia

182 516 367 579 intellectus
391 517 471 579 dum
487 525 536 579 est
552 516 585 578 in
612 516 674 591 via,
698 516 748 579 vel
765 515 864 579 habet
880 516 1030 579 habitum
1048 517 1151 580 scien-

183 622 296 686 tialem
320 624 501 686 secundum
525 644 625 686 unam
650 623 848 706 opinionem,
872 624 923 686 vel
955 624 1055 686 habet
1077 644 1151 706 spe·

181 731 270 793 ciem
306 750 381 812 quae
427 728 582 792 informat
606 730 805 794 intellectum
839 731 1020 793 secundum
1053 730 1151 793 aliam

187 836 385 919 opinionem.
411 837 448 900 In
479 836 585 919 prima
608 846 719 899 autem
735 837 834 900 habet
849 837 892 899 ad
909 837 1016 899 minus
1040 838 1151 900 lumen

184 944 319 1027 gloriae,
354 952 387 1006 et
411 942 474 1005 hoc
497 944 732 1025 correspondet
766 942 890 1007 habitui
913 944 1079 1006 charitatis
1117 944 1150 1008 in

182 1070 307 1113 anima.

256 1246 316 1309 AD
340 1259 484 1309 PRIMUM
499 1258 718 1309 PRINCIPALE
737 1246 913 1328 exponitur
929 1245 1011 1308 ratio
1034 1246 1154 1329 Augu·

184 1354 263 1416 stini
286 1354 376 1436 quod
400 1353 484 1415 bene
506 1352 593 1416 valet
626 1353 688 1415 sub
722 1352 784 1415 isto
818 1371 931 1418 sensu:
956 1353 1013 1435 qui
1048 1353 1154 1435 diligit

188 1460 379 1543 proximum
404 1459 429 1521 si
465 1458 609 1523 reflectat
632 1479 666 1521 se
689 1480 786 1541 super
809 1459 1015 1522 dilectionem
1046 1460 1153 1541 diligit

188 1567 284 1629 istam
297 1566 524 1643 dilectionem;
549 1566 606 1627 sed
629 1565 685 1648 qui
709 1565 814 1648 diligit
837 1564 1043 1627 dilectionem
1068 1586 1155 1628 crea-

186 1684 269 1747 tam,
285 1694 362 1736 cum
379 1673 419 1736 sit
434 1672 521 1735 bona
538 1694 594 1755 per
611 1672 902 1755 participationem,
921 1673 1025 1735 multo
1049 1674 1154 1756 magis

185 1779 295 1862 diligit
310 1779 617 1861 dilectionem‚·quae
630 1788 679 1841 est
691 1779 779 1841 bona
802 1799 859 1861 per
881 1778 1072 1855 essentiam;
1096 1781 1154 1841 sed

184 1886 319 1949 dilectio
342 1907 417 1968 quae
441 1895 490 1948 est
513 1885 601 1948 bona
624 1906 682 1967 per
698 1886 871 1948 essentiam
883 1893 932 1947 est
945 1885 1050 1963 Deus;
1071 1906 1151 1969 ergo

184 1994 246 2075 qui
270 1992 374 2075 diligit
398 1993 589 2075 proximum
625 1992 732 2074 diligit
765 1992 886 2066 Deum,
922 2001 954 2054 et
989 1992 1034 2055 sic
1061 2002 1152 2075 patet

184 2100 360 2183 quomodo
383 2099 593 2181 Augustinus
616 2099 734 2181 accipit
757 2099 973 2163 dilectionem.

257 2207 316 2269 Ad
345 2207 520 2269 secundum
556 2205 629 2269 dico
653 2206 735 2268 inter
768 2206 857 2268 dona
883 2216 991 2269 creata
1025 2207 1152 2270 nullum

185 2314 315 2376 donum
352 2313 414 2375 Dei
444 2322 494 2376 est
516 2313 727 2377 excellentius
764 2312 827 2375 isto
861 2313 950 2375 dono
983 2314 1075 2395 quod
1104 2323 1155 2377 est

185 2420 340 2484 charitas

257 2545 316 2608 Ad
335 2544 467 2609 tertium
491 2545 564 2607 dico
595 2544 686 2626 quod
701 2543 840 2607 charitas
856 2554 964 2607 creata
986 2554 1036 2607 est
1051 2547 1157 2627 quod-

184 2652 268 2715 dam
292 2651 417 2714 bonum
442 2652 627 2724 limitatum,
651 2659 685 2713 et
719 2672 776 2733 per
810 2672 1012 2733 consequens
1046 2650 1156 2715 deficit

185 2758 251 2820 sibi
274 2757 389 2840 aliquis
412 2759 534 2841 gradus
564 2758 716 2832 entitatis,
740 2767 774 2820 et
800 2759 845 2821 sic
860 2768 967 2841 potest
983 2758 1155 2841 dupliciter

185 2864 395 2927 considerari.
421 2864 499 2927 Uno
524 2865 624 2927 modo
651 2875 812 2945 quantum
836 2866 878 2927 ad
901 2866 1071 2928 entitatem
1096 2887 1154 2947 po-

190 2971 329 3047 sitivam,
354 2980 388 3035 et
410 2971 455 3033 sic
478 2992 544 3034 non
569 2981 677 3053 potest
708 2972 841 3055 intelligi
865 2993 931 3035 non
955 2972 1051 3035 bona.
1076 2972 1156 3035 Alio

190 3078 293 3140 modo
316 3077 537 3141 consideratur
561 3089 721 3161 quantum
745 3080 788 3141 ad
818 3080 995 3143 carentiam
1019 3080 1156 3161 alicujus

191 3185 323 3267 gradus,
347 3184 424 3267 quia
448 3205 513 3248 non
537 3196 585 3248 est
609 3184 742 3261 infinita,
766 3186 867 3249 etsie
898 3196 1006 3269 potest
1021 3187 1158 3271 intelligi

188 3310 259 3354 non
282 3291 378 3354 bona.
