2684 4209
337 210 524 273 Drsrmcr.
548 209 681 272 XXXV
706 209 852 291 Qua-sc.
876 210 891 272 1
1049 225 1114 291 359

166 413 319 496 intelligit
341 414 373 478 in
397 416 520 478 ratione
544 416 666 489 motivi,
691 424 762 477 tum
786 416 862 498 quia
885 416 954 497 ejus
983 417 1123 479 intellec-

167 522 216 583 tio
239 530 323 584 esset
346 520 436 584 finita
459 522 484 584 si
508 531 616 603 posset
640 522 805 585 moveria
836 522 989 605 singulari
1029 523 1131 607 finito,

167 638 242 690 tum
266 627 342 709 quia
364 628 435 709 ejus
458 629 637 691 intellectus
660 629 825 691 vilesceret
848 630 873 691 si
898 639 1007 710 posset
1020 650 1131 692 move·
1213 665 1215 670 ,

169 736 195 796 ri
218 755 239 796 a
261 734 416 817 singulari
439 734 540 798 finite.
565 772 610 783 —
634 734 779 799 Secundo
802 736 876 798 dico
910 736 1000 817 quod
1040 737 1132 799 Deus

170 861 236 903 non
261 842 410 923 intelligit
432 842 519 903 aliud
543 864 563 903 a
585 863 628 915 se,
652 841 698 903 ita
720 842 809 924 quod
833 842 912 904 illud
936 842 1042 923 primo
1066 853 1128 906 ter-

170 948 273 1009 minet
295 958 406 1010 actum
430 950 609 1012 intellectus
632 949 741 1021 divini,
766 948 822 1011 sed
845 949 998 1011 terminat
1020 969 1132 1011 secun-

169 1053 271 1128 darie,
296 1055 372 1136 quia
395 1056 560 1135 objectum
584 1057 674 1138 quod
698 1056 804 1138 primo
828 1057 980 1119 terminat
1017 1066 1128 1119 actum

170 1161 307 1242 alicujus
329 1162 484 1244 potentiae
508 1162 686 1225 necessario
709 1164 892 1245 coexigitur
914 1164 957 1225 ad
973 1163 1070 1225 istum
1083 1183 1133 1225 ac·

169 1278 259 1347 tum;
282 1269 338 1330 sed
363 1269 488 1331 nullum
511 1279 657 1332 creatum
682 1270 860 1333 necessario
884 1270 1065 1352 coexigitur
1089 1269 1131 1331 ad

166 1384 282 1437 actum
307 1374 478 1449 infinitum,
503 1377 585 1439 sicut
607 1386 657 1438 est
680 1377 852 1439 intellectio
876 1376 952 1450 Dei:
976 1397 1055 1458 ergo
1083 1376 1130 1438 ni-

170 1480 214 1544 hil
238 1482 327 1543 aliud
350 1504 370 1544 a
394 1482 466 1545 Deo
489 1484 641 1545 terminat
664 1484 771 1565 primo
801 1493 912 1545 actum
951 1482 1132 1545 intellectus

170 1588 281 1651 divini.
305 1625 350 1637 -
379 1590 483 1652 Tertio
504 1590 578 1652 dico
601 1593 690 1672 quod
715 1590 802 1652 aliud
825 1612 845 1652 a
869 1591 941 1651 Deo
965 1598 1071 1670 potest
1087 1589 1132 1650 in-

170 1696 270 1778 telligi
294 1696 439 1777 abipsa,
465 1698 508 1759 ita
531 1698 620 1779 quod
643 1697 796 1759 terminat
819 1706 929 1758 actum
954 1697 1044 1758 illum
1072 1696 1133 1757 vir-

171 1812 242 1865 tute
264 1803 359 1885 primi
382 1803 510 1883 objecti,
534 1804 653 1866 scilicet
677 1804 794 1866 virtute
827 1803 974 1866 essentiae
1013 1804 1131 1865 divinae

171 1911 203 1972 in
228 1931 295 1991 qua
315 1919 373 1985 est,
397 1911 473 1991 quia
496 1912 559 1973 tale
582 1911 748 1991 objectum
773 1931 838 1972 non
863 1910 1040 1972 necessario
1061 1930 1132 1972 coe-

171 2018 295 2099 xigitur
318 2018 361 2079 ad
384 2018 473 2078 illurn
496 2027 620 2080 actum.

238 2124 297 2189 Ex
318 2119 381 2190 his
402 2126 504 2208 patet
523 2124 565 2185 ad
589 2124 728 2187 rationes
751 2145 826 2206 quae
850 2132 925 2186 sunt
938 2144 997 2205 pro
1010 2123 1132 2205 opinio-

170 2252 213 2293 ne
236 2230 520 2294 Commentatoris.

238 2326 297 2400 Ad
310 2338 476 2420 primum,¹
494 2340 626 2421 quando
649 2339 765 2402 dicitur
788 2339 878 2421 quod
902 2339 933 2399 in
964 2357 1004 2399 eo
1041 2337 1132 2418 quod

170 2444 320 2528 intelligit
343 2446 462 2508 aliuda
484 2466 527 2520 se,
551 2447 621 2528 ejus
643 2446 816 2509 intellectio
839 2454 887 2508 est
910 2445 998 2507 aliud
1021 2444 1063 2506 ab
1084 2464 1135 2505 es·

169 2552 283 2626 sentia,
307 2553 437 2615 concedo
459 2553 484 2614 si
509 2552 675 2633 objectum
699 2573 732 2615 se
756 2552 854 2615 habet
876 2553 908 2615 in
926 2552 1048 2613 ratione
1065 2571 1133 2613 mo·

170 2660 247 2733 tiva,
272 2668 304 2720 et
328 2658 506 2722 intellectus
530 2660 562 2722 in
586 2660 709 2721 ratione
732 2660 858 2741 passiva
888 2668 921 2721 et
960 2658 1130 2739 receptiva.

171 2766 356 2829 Intellectus
378 2777 489 2829 autem
513 2766 575 2828 Dei
599 2786 664 2828 non
689 2766 733 2828 sic
757 2786 790 2829 se
814 2765 912 2829 habet
934 2786 1010 2827 cum
1042 2766 1133 2827 intel-

172 2873 242 2955 ligit
264 2873 352 2936 aliud
375 2894 395 2936 a
417 2894 461 2948 se,
485 2873 561 2956 quia
584 2874 663 2936 illud
688 2894 752 2935 non
776 2894 810 2935 se
834 2872 932 2935 habet
955 2873 987 2935 in
1008 2873 1132 2935 ratione

172 2980 305 3056 motiva,
329 2981 441 3043 sedin
469 2982 593 3043 ratione
615 2980 830 3053 terminativa‚
864 2979 1007 3041 secundo
1031 2979 1131 3040 modo

167 3090 267 3151 dicta.
291 3125 336 3135 -
359 3088 404 3150 Et
426 3089 542 3150 eodem
568 3088 668 3149 modo
690 3088 738 3149 ad
757 3087 941 3150 secundum.

237 3196 296 3258 Ad
316 3196 447 3257 tertium
470 3195 544 3257 dico
568 3195 657 3275 quod
681 3194 861 3256 intellectus
886 3193 946 3255 Dei
964 3192 1059 3255 simul
1084 3192 1132 3255 in-

171 3303 287 3385 telligit
309 3323 343 3364 se
365 3312 398 3364 et
420 3302 507 3363 aliud
531 3323 551 3364 a
574 3322 617 3363 se.
643 3301 688 3365 Et
711 3322 786 3363 cum
810 3300 912 3362 dicis:
937 3309 1016 3362 tunc
1039 3298 1132 3361 intel-

173 3411 273 3473 lectus
296 3409 487 3491 intelligeret
500 3410 592 3490 plura
608 3408 703 3469 simul
718 3406 868 3489 utpium,
892 3405 1022 3470 concedo
1042 3405 1131 3487 quod

171 3515 351 3579 intellectus
373 3516 551 3577 illimitatus
574 3524 607 3577 et
630 3512 774 3576 infinitus
796 3514 880 3576 sicut
903 3522 951 3575 est
989 3512 1131 3575 intellec-

170 3633 224 3686 tus
248 3622 319 3697 Dei,
344 3622 493 3702 intelligit
514 3621 610 3683 simul
634 3621 726 3701 plura
750 3630 787 3682 ut
809 3620 911 3701 plura,
936 3620 1038 3682 immo
1054 3618 1133 3682 alias

171 3751 238 3794 non
260 3740 345 3793 esset
366 3729 520 3793 infinitus.
