2684 4209
380 240 566 306 Drsrmcr.
591 243 671 306 VIII
695 241 846 324 Quasi.
871 244 886 306 I
1039 258 1098 324 155

158 443 309 508 Secunda
340 445 443 508 ratio:
474 446 592 510 veritas
623 450 804 511 secundum
836 449 997 512 rationem
1028 470 1126 512 suam

157 549 328 614 formalem
352 549 429 616 dicit
452 554 716 636 adaequationem
746 556 909 638 passivam
941 557 986 619 rei
1013 556 1055 618 ad
1079 555 1131 620 in—

157 658 342 734 tellectum;
377 659 433 722 sed
457 659 518 722 ista
551 662 739 743 adaequatio
773 661 983 744 principalius
1014 672 1064 724 est
1089 662 1123 724 in

158 764 340 846 intellectu;
363 785 452 848 ergo.

225 867 316 939 Alia
339 871 467 957 opinio
490 874 626 937 omnino
648 885 697 937 est
720 876 889 951 contraria,
921 876 1012 958 quod
1041 877 1125 938 veri-

157 987 208 1040 tas
232 979 439 1060 principalius
462 989 511 1043 est
534 981 566 1044 in
595 1001 637 1054 re,
662 982 854 1044 secundario
885 983 916 1062 in
948 982 1122 1056 intellectu,

158 1095 292 1166 propter
316 1085 399 1148 duo:
423 1086 549 1158 Primo,
584 1088 661 1169 quia
685 1089 802 1150 veritas
833 1109 908 1170 quae
939 1097 988 1150 est
1018 1089 1051 1150 in
1076 1089 1125 1150 in-

157 1192 298 1265 tellectu,
322 1200 371 1255 est
394 1203 526 1274 propter
550 1195 721 1257 veritatem
746 1216 821 1277 quae
844 1204 893 1258 est
917 1195 949 1257 in
979 1215 1021 1268 re,
1047 1195 1125 1276 quia

158 1298 200 1360 ab
239 1319 278 1360 eo
312 1299 402 1380 quod
438 1320 487 1362 res
517 1310 565 1362 est
600 1301 650 1362 vel
683 1321 749 1363 non
780 1310 839 1374 est,
871 1301 975 1363 oratio
1006 1302 1131 1363 dicitur

158 1425 236 1467 vera
259 1405 309 1466 vel
334 1405 428 1480 salsa;
453 1407 510 1468 sed
534 1417 667 1488 propter
696 1408 957 1490 unumquodque
987 1408 1051 1470 tale
1088 1416 1122 1470 et

159 1511 238 1573 illud
270 1513 383 1594 magiS,
415 1533 458 1574 ex
482 1531 511 1575 1.
536 1513 647 1586 Post.,·
670 1533 751 1596 ergo
766 1514 884 1576 veritas
914 1513 1124 1596 principalius

158 1618 262 1680 estin
287 1639 444 1699 requam
475 1619 507 1682 in
539 1620 712 1682 intellectu,
736 1657 781 1668 -
805 1620 964 1695 Secundo,
985 1621 1046 1683 sic:
1071 1642 1130 1683 ve-

158 1725 235 1787 ritas
257 1725 351 1808 sigui
372 1734 420 1788 est
444 1725 551 1794 minus
574 1727 783 1808 principalius
805 1749 906 1809 quam
937 1727 1055 1789 veritas
1077 1727 1122 1790 si-

153 1830 277 1914 gnati,
302 1832 358 1894 sed
382 1817 498 1894 veritas
521 1854 596 1913 quae
620 1834 718 1896 estin
741 1834 904 1896 intellectu
933 1844 982 1896 cst
1005 1834 1122 1896 veritas
1147 1860 1151 1866 ¹

160 1938 254 2020 signi,
279 1938 331 2000 illa
354 1948 464 2000 autem
488 1960 564 2020 quae
587 1949 636 2002 cst
660 1940 692 2002 in
718 1961 751 2002 re
773 1950 822 2002 est
845 1941 962 2002 veritas
993 1941 1120 2022 signati.

230 2039 263 2110 T
258 2042 352 2112 erno
375 2043 504 2130 Opinio
536 2047 666 2119 mediat,
691 2055 724 2108 et
755 2046 847 2121 bene,
879 2047 970 2128 quod
1003 2047 1122 2108 veritas

159 2159 268 2233 potest
290 2151 393 2232 accipi
416 2152 545 2214 duobus
571 2153 693 2214 modis:
719 2174 785 2215 uno
801 2154 902 2215 modo
917 2153 1122 2234 fundamen-

159 2257 279 2330 taliter,
304 2258 368 2319 alio
393 2259 492 2320 modo
501 2259 705 2340 formaliter,
733 2270 770 2321 ut
793 2259 870 2322 dicit
895 2259 1121 2322 habitudinem

159 2364 203 2426 rei
216 2364 258 2426 ad
271 2364 479 2426 intellectum.
493 2365 608 2428 Primo
626 2367 717 2428 modo
733 2376 782 2428 est
800 2366 831 2428 in
849 2387 882 2428 re
901 2362 1121 2448 principalius,

158 2480 192 2532 et
215 2471 421 2533 consecutive
437 2471 468 2533 in
485 2472 659 2545 intellectu,
676 2482 709 2534 et
726 2473 786 2534 isto
810 2473 910 2534 modo
926 2480 1060 2535 currunt
1076 2494 1123 2534 ar-

159 2587 318 2660 gumenta
340 2579 491 2640 secundae
515 2579 686 2660 opinionis.
720 2579 864 2641 Secundo
888 2581 978 2642 modo
1010 2579 1123 2661 princi·

158 2683 264 2765 palius
286 2693 335 2746 est
358 2685 389 2746 in
414 2685 586 2758 intellectu,
611 2687 802 2748 secundario
825 2696 934 2748 autem
967 2687 998 2747 in
1023 2707 1065 2758 re,
1089 2695 1122 2747 et

159 2789 204 2852 sic
232 2799 365 2852 currunt
396 2801 589 2872 argumenta
621 2793 735 2873 primae
767 2793 936 2873 opinionis,
968 2801 1001 2854 et
1032 2801 1122 2872 patet

159 2917 216 2978 per
241 2895 303 2959 hoc
326 2898 367 2958 ad
391 2908 585 2978 argumenta
610 2899 809 2980 principalia.

227 3001 292 3066 Sed
316 3004 455 3066 occurrit
486 3004 537 3066 hic
569 3026 671 3067 unum
712 3007 858 3077 dubium,
887 3007 964 3087 quia
995 3005 1049 3066 ubi
1074 3014 1121 3067 cst

158 3110 232 3191 plus
256 3110 296 3171 de
319 3108 543 3184 fundamento,
569 3111 611 3173 ibi
635 3121 684 3174 est
708 3113 780 3192 plus
804 3114 844 3174 de
868 3111 1057 3173 habitudine
1084 3112 1122 3173 si-

158 3237 199 3277 ve
222 3217 385 3289 relatione,
410 3217 492 3279 sicut
516 3227 606 3298 patet
629 3219 838 3280 discurrendo
855 3240 912 3300 per
935 3239 1049 3280 omncs
1073 3239 1121 3279 re-

158 3322 310 3396 lationes;
343 3323 399 3384 sed
435 3323 552 3386 veritas
587 3323 870 3387 fundamentaliter
905 3335 1037 3405 sumpta
1072 3333 1122 3385 est

158 3428 366 3510 principalius
390 3429 421 3491 in
446 3450 496 3504 re;
521 3451 599 3512 ergo
623 3431 720 3493 etiam
745 3431 921 3493 formaliter
944 3435 1010 3493 sive
1034 3429 1120 3492 habi-

157 3535 344 3598 tudinaliter
368 3546 500 3618 sumpta
522 3546 571 3600 est
595 3538 802 3620 principalius
817 3539 849 3601 in
874 3559 916 3611 re,
940 3549 973 3600 et
992 3537 1037 3599 sic
1053 3557 1120 3598 non
