2684 4209
331 279 519 340 Drsrmca.
544 275 654 338 XLIII
679 275 825 356 Quasr.
851 275 865 337 I
1025 287 1091 352 417

143 481 297 545 omnium
314 491 429 543 natura
453 481 674 542 constantium
695 489 801 542 certus
823 488 857 541 et
880 478 1115 541 determinatus

143 599 196 652 est
211 588 369 650 terminus
386 587 621 670 magnitudinis
636 596 669 649 et
681 586 860 668 augmenti,
872 604 903 648 2.
920 585 959 648 de
974 584 1111 656 Anima,

146 695 183 759 Si
204 703 316 757 autem
332 704 381 756 est
398 693 638 767 mathematica,
663 713 743 774 ergo
760 692 858 755 habet
882 691 1108 754 habitudinem

146 802 190 864 ad
214 801 474 884 magnitudinem
500 799 700 884 naturalem3
725 799 780 862 sed
803 799 997 882 magnitudo
1022 807 1114 860 natu-

147 909 222 971 ralis
244 917 292 970 est
315 906 424 983 finita;
455 928 535 990 ergo
558 907 619 969 ista
651 906 846 989 magnitudo
878 905 1110 967 mathematica

150 1024 200 1078 est
222 1013 323 1077 finita.

216 1120 344 1184 Ultimo
366 1121 429 1183 sic:
456 1119 555 1201 Quod
587 1119 786 1201 impossibile
816 1127 863 1180 est
885 1119 1028 1200 intelligi,
1054 1119 1115 1180 im-

149 1227 301 1310 possibile
324 1236 372 1289 est
396 1226 481 1302 lieri3
506 1227 562 1288 sed
587 1227 785 1308 impossibile
808 1235 857 1288 est
881 1225 1058 1308 intelligere
1082 1225 1115 1286 li-

149 1355 245 1396 neam
262 1332 422 1396 infinitam
447 1334 478 1394 in
495 1343 569 1396 actu
595 1354 652 1415 per
669 1332 972 1397 commentatorem
992 1349 1027 1415 5.
1045 1333 1115 1394 Mc-

149 1439 263 1521 taplz.;
288 1460 377 1522 ergo.
401 1441 553 1502 -Puto
577 1439 667 1520 quod
698 1439 759 1502 ista
783 1440 864 1501 ratio
896 1439 1014 1501 habeat
1045 1437 1116 1500 fun·

149 1549 343 1610 damentum
360 1546 487 1620 salsum,
512 1547 662 1628 quamvis
678 1547 843 1608 conclusio
866 1546 907 1607 sit
930 1566 1014 1619 vera,
1036 1546 1114 1627 quia

150 1656 176 1716 si
200 1654 302 1716 virtus
318 1653 451 1716 rationis
473 1654 604 1727 valeret,
622 1663 810 1735 sequeretur
833 1653 923 1734 quod
940 1662 1023 1714 esset
1044 1672 1116 1734 pos-

149 1760 240 1823 sibile
264 1759 427 1822 infinitum
452 1760 483 1822 in
508 1769 593 1833 actu,
617 1759 695 1841 quia
711 1760 890 1822 intellectus
907 1759 1035 1821 divinus
1056 1780 1112 1840 po-

151 1877 215 1929 test
238 1866 300 1928 hoc
324 1866 511 1948 intelligere.

219 1973 276 2034 Ad
296 1984 528 2055 argumentum
546 1972 758 2055 praecedentis
778 1973 939 2054 opinionis
962 1973 1036 2035 dico
1059 1993 1116 2054 per

151 2080 435 2161 interemptionem
467 2081 612 2142 miinoris.
644 2116 690 2126 —
721 2079 778 2142 Ad
805 2079 1024 2160 probationem
1042 2080 1115 2160 pri-

152 2208 251 2259 mam,
268 2188 401 2267 quando
424 2187 541 2248 dicitur
557 2187 647 2268 quod
671 2187 835 2268 quantitas
858 2195 906 2247 est
930 2185 1112 2248 indifferens

150 2294 194 2355 ad
225 2291 355 2354 finitum
386 2303 418 2354 et
452 2292 624 2366 infinitum,
656 2294 730 2355 dico
754 2293 843 2374 quod
875 2291 1036 2355 infinitum
1068 2305 1116 2355 est

151 2400 287 2481 duplex,
318 2409 353 2460 ut
377 2410 466 2481 patet
492 2418 526 2479 j.
559 2399 673 2480 Phys,
709 2400 785 2480 quia
816 2409 864 2461 est
895 2399 1056 2461 infinitum
1082 2401 1112 2461 in

156 2523 232 2568 actu
252 2507 392 2588 perfecto
416 2517 447 2568 et
470 2517 519 2568 est
543 2505 705 2569 infinitum
724 2507 755 2567 in
779 2517 853 2568 actu
871 2507 1035 2586 pcrrm'xto
1059 2528 1114 2587 po-

151 2613 262 2674 tentiae
287 2613 380 2694 cujus
403 2635 471 2675 esse
500 2623 548 2674 est
573 2614 603 2674 in
636 2613 713 2686 heri,
746 2613 789 2674 ita
820 2613 909 2693 quod
940 2623 1112 2695 acceptum

151 2740 281 2809 semper
303 2729 352 2781 est
375 2720 514 2792 finitum,
539 2721 689 2802 quamvis
721 2721 752 2781 in
785 2719 972 2801 accipiendo
1004 2740 1114 2800 proce·

151 2826 212 2887 das
236 2825 266 2887 in
291 2825 464 2888 infinitum.
490 2827 689 2908 Exernplrmz
714 2826 901 2907 Philosophi
926 2827 1044 2888 ibidem
1069 2836 1116 2888 est

150 2933 194 2994 de
217 2931 331 2994 diebus
354 2933 587 3015 agonistarum,
612 2943 645 2995 et
676 2933 720 2995 sic
743 2933 874 2995 concedo
902 2934 991 3014 quod
1015 2953 1116 3014 quan-

150 3039 228 3100 titas
251 3048 299 3100 est
323 3039 504 3102 indifferens
527 3041 568 3101 ad
598 3039 760 3102 infinitum
786 3040 846 3101 isto
878 3040 1021 3102 secundo
1046 3061 1112 3102 mo-

150 3145 197 3208 do
220 3155 399 3228 sumptum.
426 3147 553 3209 Eodem
579 3148 679 3209 modo
703 3148 777 3209 dico
793 3148 834 3208 ad
858 3147 1029 3208 secundam
1043 3157 1116 3226 pro-

151 3253 313 3315 bationem
337 3254 378 3315 de
402 3255 533 3335 propria
556 3255 714 3335 passione.

225 3466 290 3532 Be
311 3469 503 3533 seeundo
525 3467 726 3534 Artr'oulo
750 3467 809 3530 suit
829 3489 916 3530 error
933 3468 1115 3531 Avicennae

150 3581 186 3634 et
210 3573 385 3655 Algazelis,
411 3583 446 3636 ut
470 3584 559 3656 patet
584 3575 614 3637 in
639 3595 669 3637 1.
699 3575 858 3658 Illctaplz„
886 3576 976 3657 quod
1009 3577 1114 3638 multi·

1038 3705 1064 3747 at
