<?xml version="1.0" encoding="UTF-8"?>
<!DOCTYPE html PUBLIC "-//W3C//DTD XHTML 1.0 Transitional//EN"
    "http://www.w3.org/TR/xhtml1/DTD/xhtml1-transitional.dtd">
<html xmlns="http://www.w3.org/1999/xhtml" xml:lang="en" lang="en">
 <head>
  <title>
</title>
<meta http-equiv="Content-Type" content="text/html;charset=utf-8" />
  <meta name='ocr-system' content='tesseract 3.04.00' />
  <meta name='ocr-capabilities' content='ocr_page ocr_carea ocr_par ocr_line ocrx_word'/>
</head>
<body>
  <div class='ocr_page' id='page_1' title='image "./commentariainli01scotgoog_0276.png"; bbox 0 0 2684 4209; ppageno 0'>
   <div class='ocr_carea' id='block_1_1' title="bbox 255 235 954 312">
    <p class='ocr_par' dir='ltr' id='par_1_1' title="bbox 255 235 954 312">
     <span class='ocr_line' id='line_1_1' title="bbox 255 235 954 312; baseline 0 -2"><span class='ocrx_word' id='word_1_1' title='bbox 255 246 320 310; x_wconf 87' lang='lat'>260</span> <span class='ocrx_word' id='word_1_2' title='bbox 521 247 596 310; x_wconf 82' lang='lat' dir='ltr'>Lm.</span> <span class='ocrx_word' id='word_1_3' title='bbox 620 249 635 310; x_wconf 94' lang='grc' dir='ltr'>Ι</span> <span class='ocrx_word' id='word_1_4' title='bbox 658 235 954 312; x_wconf 65' lang='lat' dir='ltr'>sunnennnuu</span> 
     </span>
    </p>
   </div>
   <div class='ocr_carea' id='block_1_2' title="bbox 232 451 1203 635">
    <p class='ocr_par' dir='ltr' id='par_1_2' title="bbox 232 451 1203 635">
     <span class='ocr_line' id='line_1_2' title="bbox 234 451 1203 536; baseline 0.001 -20"><span class='ocrx_word' id='word_1_5' title='bbox 234 453 311 535; x_wconf 91' lang='lat' dir='ltr'>quia</span> <span class='ocrx_word' id='word_1_6' title='bbox 327 453 438 534; x_wconf 78' lang='lat' dir='ltr'>primo</span> <span class='ocrx_word' id='word_1_7' title='bbox 461 453 647 515; x_wconf 85' lang='lat' dir='ltr'>recitabitur</span> <span class='ocrx_word' id='word_1_8' title='bbox 670 451 782 534; x_wconf 90' lang='lat' dir='ltr'>opinio</span> <span class='ocrx_word' id='word_1_9' title='bbox 806 451 894 526; x_wconf 82' lang='lat' dir='ltr'>falsa,</span> <span class='ocrx_word' id='word_1_10' title='bbox 922 453 1059 517; x_wconf 86' lang='lat' dir='ltr'>secundo</span> <span class='ocrx_word' id='word_1_11' title='bbox 1087 453 1203 536; x_wconf 92' lang='lat' dir='ltr'>opinio</span> 
     </span>
     <span class='ocr_line' id='line_1_3' title="bbox 232 559 1013 635; baseline -0.003 -13"><span class='ocrx_word' id='word_1_12' title='bbox 232 580 322 635; x_wconf 83' lang='lat' dir='ltr'>vera,</span> <span class='ocrx_word' id='word_1_13' title='bbox 346 560 439 623; x_wconf 79' lang='lat' dir='ltr'>tertio</span> <span class='ocrx_word' id='word_1_14' title='bbox 462 561 588 624; x_wconf 87' lang='lat' dir='ltr'>dicetur</span> <span class='ocrx_word' id='word_1_15' title='bbox 609 560 652 621; x_wconf 87' lang='lat' dir='ltr'>ad</span> <span class='ocrx_word' id='word_1_16' title='bbox 678 579 780 623; x_wconf 89' lang='lat' dir='ltr'>unum</span> <span class='ocrx_word' id='word_1_17' title='bbox 804 559 953 621; x_wconf 90' lang='lat' dir='ltr'>dubium.</span> <span class='ocrx_word' id='word_1_18' title='bbox 1009 625 1013 632; x_wconf 19' lang='lat'>⁸</span> 
     </span>
    </p>
   </div>
   <div class='ocr_carea' id='block_1_3' title="bbox 204 755 1202 2772">
    <p class='ocr_par' dir='ltr' id='par_1_3' title="bbox 233 755 1202 1176">
     <span class='ocr_line' id='line_1_4' title="bbox 306 755 1200 859; baseline -0.002 -21"><span class='ocrx_word' id='word_1_19' title='bbox 306 755 531 859; x_wconf 66' lang='lat' dir='ltr'>Quantum</span> <span class='ocrx_word' id='word_1_20' title='bbox 558 774 623 839; x_wconf 81' lang='lat' dir='ltr'>ad</span> <span class='ocrx_word' id='word_1_21' title='bbox 636 772 842 857; x_wconf 78' lang='lat' dir='ltr'>primum</span> <span class='ocrx_word' id='word_1_22' title='bbox 867 781 916 834; x_wconf 85' lang='lat' dir='ltr'>est</span> <span class='ocrx_word' id='word_1_23' title='bbox 940 771 1050 853; x_wconf 89' lang='lat' dir='ltr'>opinio</span> <span class='ocrx_word' id='word_1_24' title='bbox 1073 773 1200 856; x_wconf 83' lang='lat' dir='ltr'>AEgidii</span> 
     </span>
     <span class='ocr_line' id='line_1_5' title="bbox 233 879 1201 962; baseline -0.001 -18"><span class='ocrx_word' id='word_1_25' title='bbox 233 881 304 944; x_wconf 86' lang='lat' dir='ltr'><em>Lib.</em></span> <span class='ocrx_word' id='word_1_26' title='bbox 329 900 358 944; x_wconf 81' lang='grc' dir='ltr'>Ι.</span> <span class='ocrx_word' id='word_1_27' title='bbox 383 881 475 943; x_wconf 82' lang='lat' dir='ltr'>Dist.</span> <span class='ocrx_word' id='word_1_28' title='bbox 491 899 545 944; x_wconf 85' lang='lat'>20.</span> <span class='ocrx_word' id='word_1_29' title='bbox 558 902 587 962; x_wconf 84' lang='lat' dir='ltr'>q.</span> <span class='ocrx_word' id='word_1_30' title='bbox 604 899 635 942; x_wconf 85' lang='lat'>2.</span> <span class='ocrx_word' id='word_1_31' title='bbox 660 880 715 961; x_wconf 93' lang='lat' dir='ltr'>qui</span> <span class='ocrx_word' id='word_1_32' title='bbox 740 879 816 942; x_wconf 91' lang='lat' dir='ltr'>dicit</span> <span class='ocrx_word' id='word_1_33' title='bbox 832 880 922 960; x_wconf 90' lang='lat' dir='ltr'>quod</span> <span class='ocrx_word' id='word_1_34' title='bbox 939 879 1084 960; x_wconf 87' lang='lat' dir='ltr'>potentia</span> <span class='ocrx_word' id='word_1_35' title='bbox 1100 901 1201 962; x_wconf 86' lang='lat' dir='ltr'>gene-</span> 
     </span>
     <span class='ocr_line' id='line_1_6' title="bbox 234 985 1202 1070; baseline 0 -21"><span class='ocrx_word' id='word_1_36' title='bbox 234 987 324 1050; x_wconf 83' lang='lat' dir='ltr'>randi</span> <span class='ocrx_word' id='word_1_37' title='bbox 341 988 429 1049; x_wconf 92' lang='lat' dir='ltr'>cadit</span> <span class='ocrx_word' id='word_1_38' title='bbox 443 987 504 1049; x_wconf 88' lang='lat' dir='ltr'>sub</span> <span class='ocrx_word' id='word_1_39' title='bbox 528 986 767 1068; x_wconf 88' lang='lat' dir='ltr'>omnipotentia</span> <span class='ocrx_word' id='word_1_40' title='bbox 783 985 885 1070; x_wconf 67' lang='lat' dir='ltr'>Patris</span> <span class='ocrx_word' id='word_1_41' title='bbox 908 995 940 1047; x_wconf 89' lang='lat' dir='ltr'>et</span> <span class='ocrx_word' id='word_1_42' title='bbox 964 1007 1029 1048; x_wconf 91' lang='lat' dir='ltr'>non</span> <span class='ocrx_word' id='word_1_43' title='bbox 1054 987 1115 1049; x_wconf 89' lang='lat' dir='ltr'>sub</span> <span class='ocrx_word' id='word_1_44' title='bbox 1130 1008 1202 1049; x_wconf 90' lang='lat' dir='ltr'>om-</span> 
     </span>
     <span class='ocr_line' id='line_1_7' title="bbox 233 1093 841 1176; baseline -0.005 -20"><span class='ocrx_word' id='word_1_45' title='bbox 233 1094 413 1176; x_wconf 86' lang='lat' dir='ltr'>nipotentia</span> <span class='ocrx_word' id='word_1_46' title='bbox 440 1093 520 1168; x_wconf 87' lang='lat' dir='ltr'>Filii,</span> <span class='ocrx_word' id='word_1_47' title='bbox 545 1093 635 1175; x_wconf 92' lang='lat' dir='ltr'>quod</span> <span class='ocrx_word' id='word_1_48' title='bbox 659 1093 841 1155; x_wconf 83' lang='lat' dir='ltr'>declaratur</span> 
     </span>
    </p>

    <p class='ocr_par' dir='ltr' id='par_1_4' title="bbox 204 1198 1199 1797">
     <span class='ocr_line' id='line_1_8' title="bbox 299 1198 1199 1280; baseline -0.001 -17"><span class='ocrx_word' id='word_1_49' title='bbox 299 1201 415 1263; x_wconf 85' lang='lat' dir='ltr'>Primo</span> <span class='ocrx_word' id='word_1_50' title='bbox 438 1200 499 1263; x_wconf 88' lang='lat' dir='ltr'>sic:</span> <span class='ocrx_word' id='word_1_51' title='bbox 525 1199 772 1280; x_wconf 90' lang='lat' dir='ltr'>Omnipotentia</span> <span class='ocrx_word' id='word_1_52' title='bbox 788 1209 836 1261; x_wconf 90' lang='lat' dir='ltr'>est</span> <span class='ocrx_word' id='word_1_53' title='bbox 859 1198 901 1260; x_wconf 88' lang='lat' dir='ltr'>ad</span> <span class='ocrx_word' id='word_1_54' title='bbox 923 1199 1001 1260; x_wconf 93' lang='lat' dir='ltr'>illud</span> <span class='ocrx_word' id='word_1_55' title='bbox 1024 1199 1115 1280; x_wconf 87' lang='lat' dir='ltr'>quod</span> <span class='ocrx_word' id='word_1_56' title='bbox 1131 1220 1199 1262; x_wconf 90' lang='lat' dir='ltr'>non</span> 
     </span>
     <span class='ocr_line' id='line_1_9' title="bbox 234 1306 1197 1388; baseline -0.002 -18"><span class='ocrx_word' id='word_1_57' title='bbox 234 1308 369 1370; x_wconf 90' lang='lat' dir='ltr'>includit</span> <span class='ocrx_word' id='word_1_58' title='bbox 392 1307 701 1383; x_wconf 65' lang='lat' dir='ltr'>contradictionem</span> <span class='ocrx_word' id='word_1_59' title='bbox 726 1306 782 1368; x_wconf 88' lang='lat' dir='ltr'>sed</span> <span class='ocrx_word' id='word_1_60' title='bbox 807 1306 935 1368; x_wconf 86' lang='lat' dir='ltr'>Patrem</span> <span class='ocrx_word' id='word_1_61' title='bbox 961 1326 1114 1388; x_wconf 84' lang='lat' dir='ltr'>generare</span> <span class='ocrx_word' id='word_1_62' title='bbox 1131 1327 1197 1368; x_wconf 87' lang='lat' dir='ltr'>non</span> 
     </span>
     <span class='ocr_line' id='line_1_10' title="bbox 233 1413 1196 1506; baseline -0.002 -30"><span class='ocrx_word' id='word_1_63' title='bbox 233 1414 370 1478; x_wconf 89' lang='lat' dir='ltr'>includit</span> <span class='ocrx_word' id='word_1_64' title='bbox 385 1413 684 1506; x_wconf 82' lang='lat' dir='ltr'>contradictionem,</span> <span class='ocrx_word' id='word_1_65' title='bbox 710 1413 828 1474; x_wconf 93' lang='lat' dir='ltr'>Filium</span> <span class='ocrx_word' id='word_1_66' title='bbox 845 1422 954 1474; x_wconf 86' lang='lat' dir='ltr'>autem</span> <span class='ocrx_word' id='word_1_67' title='bbox 979 1432 1132 1494; x_wconf 87' lang='lat' dir='ltr'>generare</span> <span class='ocrx_word' id='word_1_68' title='bbox 1148 1413 1196 1474; x_wconf 89' lang='lat' dir='ltr'>in-</span> 
     </span>
     <span class='ocr_line' id='line_1_11' title="bbox 234 1519 1196 1601; baseline -0.002 -17"><span class='ocrx_word' id='word_1_69' title='bbox 234 1521 336 1584; x_wconf 85' lang='lat' dir='ltr'>cludit</span> <span class='ocrx_word' id='word_1_70' title='bbox 358 1520 666 1595; x_wconf 84' lang='lat' dir='ltr'>contradictionem;</span> <span class='ocrx_word' id='word_1_71' title='bbox 692 1539 771 1601; x_wconf 85' lang='lat' dir='ltr'>ergo</span> <span class='ocrx_word' id='word_1_72' title='bbox 787 1519 932 1600; x_wconf 86' lang='lat' dir='ltr'>potentia</span> <span class='ocrx_word' id='word_1_73' title='bbox 956 1520 1131 1601; x_wconf 87' lang='lat' dir='ltr'>generandi</span> <span class='ocrx_word' id='word_1_74' title='bbox 1147 1529 1196 1582; x_wconf 88' lang='lat' dir='ltr'>est</span> 
     </span>
     <span class='ocr_line' id='line_1_12' title="bbox 204 1624 1196 1709; baseline -0.002 -19"><span class='ocrx_word' id='word_1_75' title='bbox 204 1667 208 1674; x_wconf 87' lang='lat'>·</span> <span class='ocrx_word' id='word_1_76' title='bbox 234 1628 296 1690; x_wconf 87' lang='lat' dir='ltr'>sub</span> <span class='ocrx_word' id='word_1_77' title='bbox 319 1626 556 1709; x_wconf 87' lang='lat' dir='ltr'>omnipotentia</span> <span class='ocrx_word' id='word_1_78' title='bbox 586 1626 689 1689; x_wconf 82' lang='lat' dir='ltr'>Patris</span> <span class='ocrx_word' id='word_1_79' title='bbox 711 1634 743 1688; x_wconf 89' lang='lat' dir='ltr'>et</span> <span class='ocrx_word' id='word_1_80' title='bbox 775 1646 840 1689; x_wconf 93' lang='lat' dir='ltr'>non</span> <span class='ocrx_word' id='word_1_81' title='bbox 868 1625 929 1688; x_wconf 92' lang='lat' dir='ltr'>sub</span> <span class='ocrx_word' id='word_1_82' title='bbox 960 1624 1196 1707; x_wconf 87' lang='lat' dir='ltr'>omnipotentia</span> 
     </span>
     <span class='ocr_line' id='line_1_13' title="bbox 236 1734 316 1797; baseline -0.013 0"><span class='ocrx_word' id='word_1_83' title='bbox 236 1734 316 1797; x_wconf 85' lang='lat' dir='ltr'>Filii.</span> 
     </span>
    </p>

    <p class='ocr_par' dir='ltr' id='par_1_5' title="bbox 235 1839 1199 2772">
     <span class='ocr_line' id='line_1_14' title="bbox 300 1839 1196 1920; baseline -0.003 -17"><span class='ocrx_word' id='word_1_84' title='bbox 300 1842 474 1913; x_wconf 67' lang='lat' dir='ltr'>praterea,</span> <span class='ocrx_word' id='word_1_85' title='bbox 506 1839 597 1902; x_wconf 87' lang='lat' dir='ltr'>aliter</span> <span class='ocrx_word' id='word_1_86' title='bbox 627 1847 677 1902; x_wconf 88' lang='lat' dir='ltr'>est</span> <span class='ocrx_word' id='word_1_87' title='bbox 712 1839 912 1920; x_wconf 90' lang='lat' dir='ltr'>loquendum</span> <span class='ocrx_word' id='word_1_88' title='bbox 944 1839 986 1901; x_wconf 84' lang='lat' dir='ltr'>de</span> <span class='ocrx_word' id='word_1_89' title='bbox 1016 1839 1196 1901; x_wconf 88' lang='lat' dir='ltr'>actionibus</span> 
     </span>
     <span class='ocr_line' id='line_1_15' title="bbox 236 1945 1197 2010; baseline -0.003 -1"><span class='ocrx_word' id='word_1_90' title='bbox 236 1946 488 2010; x_wconf 80' lang='lat' dir='ltr'>immanentibus</span> <span class='ocrx_word' id='word_1_91' title='bbox 510 1946 601 2008; x_wconf 84' lang='lat' dir='ltr'>aliter</span> <span class='ocrx_word' id='word_1_92' title='bbox 624 1947 665 2007; x_wconf 92' lang='lat' dir='ltr'>de</span> <span class='ocrx_word' id='word_1_93' title='bbox 681 1945 861 2007; x_wconf 86' lang='lat' dir='ltr'>actionibus</span> <span class='ocrx_word' id='word_1_94' title='bbox 885 1945 1128 2007; x_wconf 83' lang='lat' dir='ltr'>transeuntibus</span> <span class='ocrx_word' id='word_1_95' title='bbox 1142 1966 1197 2007; x_wconf 90' lang='lat' dir='ltr'>ex·</span> 
     </span>
     <span class='ocr_line' id='line_1_16' title="bbox 235 2051 1196 2134; baseline -0.005 -18"><span class='ocrx_word' id='word_1_96' title='bbox 235 2063 302 2129; x_wconf 87' lang='lat' dir='ltr'>tra;</span> <span class='ocrx_word' id='word_1_97' title='bbox 328 2074 404 2115; x_wconf 92' lang='lat' dir='ltr'>nam</span> <span class='ocrx_word' id='word_1_98' title='bbox 429 2051 621 2134; x_wconf 89' lang='lat' dir='ltr'>possibilitas</span> <span class='ocrx_word' id='word_1_99' title='bbox 656 2051 791 2114; x_wconf 90' lang='lat' dir='ltr'>actionis</span> <span class='ocrx_word' id='word_1_100' title='bbox 818 2051 1012 2113; x_wconf 84' lang='lat' dir='ltr'>transeuntis</span> <span class='ocrx_word' id='word_1_101' title='bbox 1032 2051 1196 2132; x_wconf 87' lang='lat' dir='ltr'>judicatur</span> 
     </span>
     <span class='ocr_line' id='line_1_17' title="bbox 235 2157 1197 2239; baseline -0.004 -17"><span class='ocrx_word' id='word_1_102' title='bbox 235 2181 279 2222; x_wconf 85' lang='lat' dir='ltr'>ex</span> <span class='ocrx_word' id='word_1_103' title='bbox 303 2159 426 2222; x_wconf 87' lang='lat' dir='ltr'>ratione</span> <span class='ocrx_word' id='word_1_104' title='bbox 449 2159 585 2221; x_wconf 87' lang='lat' dir='ltr'>actionis</span> <span class='ocrx_word' id='word_1_105' title='bbox 608 2159 639 2221; x_wconf 90' lang='lat' dir='ltr'>in</span> <span class='ocrx_word' id='word_1_106' title='bbox 664 2179 698 2220; x_wconf 88' lang='lat' dir='ltr'>se</span> <span class='ocrx_word' id='word_1_107' title='bbox 721 2167 753 2220; x_wconf 90' lang='lat' dir='ltr'>et</span> <span class='ocrx_word' id='word_1_108' title='bbox 776 2158 808 2219; x_wconf 92' lang='lat' dir='ltr'>in</span> <span class='ocrx_word' id='word_1_109' title='bbox 833 2157 972 2219; x_wconf 86' lang='lat' dir='ltr'>termino</span> <span class='ocrx_word' id='word_1_110' title='bbox 995 2157 1073 2238; x_wconf 76' lang='lat' dir='ltr'>ejuS,</span> <span class='ocrx_word' id='word_1_111' title='bbox 1098 2157 1197 2239; x_wconf 84' lang='lat' dir='ltr'>possi·</span> 
     </span>
     <span class='ocr_line' id='line_1_18' title="bbox 236 2263 1195 2344; baseline -0.003 -15"><span class='ocrx_word' id='word_1_112' title='bbox 236 2266 341 2329; x_wconf 85' lang='lat' dir='ltr'>bilitas</span> <span class='ocrx_word' id='word_1_113' title='bbox 356 2275 466 2329; x_wconf 90' lang='lat' dir='ltr'>autem</span> <span class='ocrx_word' id='word_1_114' title='bbox 490 2265 624 2328; x_wconf 86' lang='lat' dir='ltr'>actionis</span> <span class='ocrx_word' id='word_1_115' title='bbox 640 2264 847 2344; x_wconf 88' lang='lat' dir='ltr'>immanentis</span> <span class='ocrx_word' id='word_1_116' title='bbox 867 2263 1030 2344; x_wconf 88' lang='lat' dir='ltr'>judicatur</span> <span class='ocrx_word' id='word_1_117' title='bbox 1053 2284 1096 2325; x_wconf 90' lang='lat' dir='ltr'>ex</span> <span class='ocrx_word' id='word_1_118' title='bbox 1120 2264 1195 2337; x_wconf 74' lang='lat' dir='ltr'>istie,</span> 
     </span>
     <span class='ocr_line' id='line_1_19' title="bbox 235 2370 1195 2452; baseline -0.004 -17"><span class='ocrx_word' id='word_1_119' title='bbox 235 2383 267 2435; x_wconf 89' lang='lat' dir='ltr'>ct</span> <span class='ocrx_word' id='word_1_120' title='bbox 284 2393 359 2435; x_wconf 89' lang='lat' dir='ltr'>cum</span> <span class='ocrx_word' id='word_1_121' title='bbox 384 2372 446 2435; x_wconf 91' lang='lat' dir='ltr'>hoc</span> <span class='ocrx_word' id='word_1_122' title='bbox 462 2393 506 2434; x_wconf 86' lang='lat' dir='ltr'>ex</span> <span class='ocrx_word' id='word_1_123' title='bbox 529 2370 817 2452; x_wconf 88' lang='lat' dir='ltr'>compossibilitate</span> <span class='ocrx_word' id='word_1_124' title='bbox 833 2370 902 2450; x_wconf 88' lang='lat' dir='ltr'>ejus</span> <span class='ocrx_word' id='word_1_125' title='bbox 925 2371 966 2431; x_wconf 87' lang='lat' dir='ltr'>ad</span> <span class='ocrx_word' id='word_1_126' title='bbox 979 2370 1195 2452; x_wconf 86' lang='lat' dir='ltr'>suppositum.</span> 
     </span>
     <span class='ocr_line' id='line_1_20' title="bbox 237 2476 1197 2561; baseline -0.004 -18"><span class='ocrx_word' id='word_1_127' title='bbox 237 2479 301 2544; x_wconf 89' lang='lat' dir='ltr'>Sed</span> <span class='ocrx_word' id='word_1_128' title='bbox 329 2479 475 2561; x_wconf 90' lang='lat' dir='ltr'>potentia</span> <span class='ocrx_word' id='word_1_129' title='bbox 506 2478 681 2561; x_wconf 85' lang='lat' dir='ltr'>generandi</span> <span class='ocrx_word' id='word_1_130' title='bbox 712 2486 760 2540; x_wconf 91' lang='lat' dir='ltr'>est</span> <span class='ocrx_word' id='word_1_131' title='bbox 791 2476 1025 2557; x_wconf 89' lang='lat' dir='ltr'>compossibilis</span> <span class='ocrx_word' id='word_1_132' title='bbox 1056 2477 1142 2539; x_wconf 83' lang='lat' dir='ltr'>Patri</span> <span class='ocrx_word' id='word_1_133' title='bbox 1165 2486 1197 2539; x_wconf 91' lang='lat' dir='ltr'>et</span> 
     </span>
     <span class='ocr_line' id='line_1_21' title="bbox 237 2583 1199 2667; baseline -0.004 -18"><span class='ocrx_word' id='word_1_134' title='bbox 237 2607 302 2649; x_wconf 94' lang='lat' dir='ltr'>non</span> <span class='ocrx_word' id='word_1_135' title='bbox 328 2585 427 2661; x_wconf 85' lang='lat' dir='ltr'>Filio;</span> <span class='ocrx_word' id='word_1_136' title='bbox 459 2606 538 2667; x_wconf 86' lang='lat' dir='ltr'>ergo</span> <span class='ocrx_word' id='word_1_137' title='bbox 561 2593 687 2666; x_wconf 76' lang='lat' dir='ltr'>spectat</span> <span class='ocrx_word' id='word_1_138' title='bbox 717 2585 759 2645; x_wconf 85' lang='lat' dir='ltr'>ad</span> <span class='ocrx_word' id='word_1_139' title='bbox 790 2583 1063 2664; x_wconf 86' lang='lat' dir='ltr'>omnipotentiam</span> <span class='ocrx_word' id='word_1_140' title='bbox 1096 2584 1199 2646; x_wconf 85' lang='lat' dir='ltr'>Patris</span> 
     </span>
     <span class='ocr_line' id='line_1_22' title="bbox 240 2689 829 2772; baseline -0.005 -17"><span class='ocrx_word' id='word_1_141' title='bbox 240 2703 272 2755; x_wconf 89' lang='lat' dir='ltr'>et</span> <span class='ocrx_word' id='word_1_142' title='bbox 296 2713 361 2755; x_wconf 92' lang='lat' dir='ltr'>non</span> <span class='ocrx_word' id='word_1_143' title='bbox 385 2693 427 2754; x_wconf 87' lang='lat' dir='ltr'>ad</span> <span class='ocrx_word' id='word_1_144' title='bbox 450 2691 722 2772; x_wconf 88' lang='lat' dir='ltr'>omnipotentiam</span> <span class='ocrx_word' id='word_1_145' title='bbox 749 2689 829 2752; x_wconf 87' lang='lat' dir='ltr'>Filii.</span> 
     </span>
    </p>
   </div>
   <div class='ocr_carea' id='block_1_4' title="bbox 236 2901 1199 3731">
    <p class='ocr_par' dir='ltr' id='par_1_6' title="bbox 236 2901 1199 3305">
     <span class='ocr_line' id='line_1_23' title="bbox 304 2901 1198 2984; baseline -0.007 -14"><span class='ocrx_word' id='word_1_146' title='bbox 304 2904 368 2970; x_wconf 78' lang='lat' dir='ltr'>oe</span> <span class='ocrx_word' id='word_1_147' title='bbox 383 2901 573 2970; x_wconf 69' lang='lat' dir='ltr'>secundo</span> <span class='ocrx_word' id='word_1_148' title='bbox 588 2901 788 2968; x_wconf 75' lang='lat' dir='ltr'>Arla‘oulo</span> <span class='ocrx_word' id='word_1_149' title='bbox 803 2902 877 2964; x_wconf 87' lang='lat' dir='ltr'>dico</span> <span class='ocrx_word' id='word_1_150' title='bbox 898 2903 994 2964; x_wconf 90' lang='lat' dir='ltr'>istam</span> <span class='ocrx_word' id='word_1_151' title='bbox 1009 2902 1198 2984; x_wconf 87' lang='lat' dir='ltr'>opinionem</span> 
     </span>
     <span class='ocr_line' id='line_1_24' title="bbox 236 3008 1199 3092; baseline -0.004 -18"><span class='ocrx_word' id='word_1_152' title='bbox 236 3032 305 3074; x_wconf 86' lang='lat' dir='ltr'>esse</span> <span class='ocrx_word' id='word_1_153' title='bbox 327 3010 451 3084; x_wconf 79' lang='lat' dir='ltr'>falsam,</span> <span class='ocrx_word' id='word_1_154' title='bbox 475 3019 508 3072; x_wconf 90' lang='lat' dir='ltr'>et</span> <span class='ocrx_word' id='word_1_155' title='bbox 530 3018 626 3071; x_wconf 89' lang='lat' dir='ltr'>teneo</span> <span class='ocrx_word' id='word_1_156' title='bbox 657 3009 845 3092; x_wconf 88' lang='lat' dir='ltr'>oppositum</span> <span class='ocrx_word' id='word_1_157' title='bbox 877 3009 995 3070; x_wconf 88' lang='lat' dir='ltr'>seilicet</span> <span class='ocrx_word' id='word_1_158' title='bbox 1025 3008 1116 3089; x_wconf 91' lang='lat' dir='ltr'>quod</span> <span class='ocrx_word' id='word_1_159' title='bbox 1139 3029 1199 3090; x_wconf 94' lang='lat' dir='ltr'>po-</span> 
     </span>
     <span class='ocr_line' id='line_1_25' title="bbox 237 3115 1199 3199; baseline -0.001 -20"><span class='ocrx_word' id='word_1_160' title='bbox 237 3119 337 3181; x_wconf 87' lang='lat' dir='ltr'>tentia</span> <span class='ocrx_word' id='word_1_161' title='bbox 360 3116 536 3199; x_wconf 86' lang='lat' dir='ltr'>generandi</span> <span class='ocrx_word' id='word_1_162' title='bbox 559 3136 625 3179; x_wconf 91' lang='lat' dir='ltr'>non</span> <span class='ocrx_word' id='word_1_163' title='bbox 649 3116 735 3178; x_wconf 87' lang='lat' dir='ltr'>cadit</span> <span class='ocrx_word' id='word_1_164' title='bbox 751 3115 812 3178; x_wconf 88' lang='lat' dir='ltr'>sub</span> <span class='ocrx_word' id='word_1_165' title='bbox 836 3115 1083 3198; x_wconf 87' lang='lat' dir='ltr'>omnipotentia,</span> <span class='ocrx_word' id='word_1_166' title='bbox 1107 3115 1199 3196; x_wconf 94' lang='lat' dir='ltr'>quod</span> 
     </span>
     <span class='ocr_line' id='line_1_26' title="bbox 238 3224 342 3305; baseline 0 -19"><span class='ocrx_word' id='word_1_167' title='bbox 238 3224 342 3305; x_wconf 88' lang='lat' dir='ltr'>probo</span> 
     </span>
    </p>

    <p class='ocr_par' dir='ltr' id='par_1_7' title="bbox 237 3327 1199 3731">
     <span class='ocr_line' id='line_1_27' title="bbox 303 3327 1199 3409; baseline -0.002 -17"><span class='ocrx_word' id='word_1_168' title='bbox 303 3330 419 3393; x_wconf 83' lang='lat' dir='ltr'>Primo</span> <span class='ocrx_word' id='word_1_169' title='bbox 441 3330 503 3390; x_wconf 87' lang='lat' dir='ltr'>sic:</span> <span class='ocrx_word' id='word_1_170' title='bbox 529 3327 691 3391; x_wconf 86' lang='lat' dir='ltr'>Generare</span> <span class='ocrx_word' id='word_1_171' title='bbox 715 3327 849 3409; x_wconf 85' lang='lat' dir='ltr'>praecise</span> <span class='ocrx_word' id='word_1_172' title='bbox 872 3349 928 3409; x_wconf 92' lang='lat' dir='ltr'>per</span> <span class='ocrx_word' id='word_1_173' title='bbox 952 3347 986 3390; x_wconf 86' lang='lat' dir='ltr'>se</span> <span class='ocrx_word' id='word_1_174' title='bbox 1016 3337 1199 3409; x_wconf 90' lang='lat' dir='ltr'>sumptum,</span> 
     </span>
     <span class='ocr_line' id='line_1_28' title="bbox 237 3434 1199 3517; baseline -0.002 -19"><span class='ocrx_word' id='word_1_175' title='bbox 237 3446 295 3499; x_wconf 91' lang='lat' dir='ltr'>aut</span> <span class='ocrx_word' id='word_1_176' title='bbox 317 3446 366 3499; x_wconf 87' lang='lat' dir='ltr'>est</span> <span class='ocrx_word' id='word_1_177' title='bbox 388 3436 509 3517; x_wconf 91' lang='lat' dir='ltr'>aliquid</span> <span class='ocrx_word' id='word_1_178' title='bbox 533 3435 575 3497; x_wconf 87' lang='lat' dir='ltr'>ad</span> <span class='ocrx_word' id='word_1_179' title='bbox 598 3435 688 3515; x_wconf 93' lang='lat' dir='ltr'>quod</span> <span class='ocrx_word' id='word_1_180' title='bbox 713 3444 788 3496; x_wconf 91' lang='lat' dir='ltr'>nata</span> <span class='ocrx_word' id='word_1_181' title='bbox 811 3444 860 3496; x_wconf 86' lang='lat' dir='ltr'>est</span> <span class='ocrx_word' id='word_1_182' title='bbox 884 3434 935 3496; x_wconf 87' lang='lat' dir='ltr'>illa</span> <span class='ocrx_word' id='word_1_183' title='bbox 959 3434 1114 3516; x_wconf 89' lang='lat' dir='ltr'>potentia,</span> <span class='ocrx_word' id='word_1_184' title='bbox 1142 3444 1199 3497; x_wconf 92' lang='lat' dir='ltr'>aut</span> 
     </span>
     <span class='ocr_line' id='line_1_29' title="bbox 237 3541 1199 3623; baseline 0 -18"><span class='ocrx_word' id='word_1_185' title='bbox 237 3553 285 3606; x_wconf 87' lang='lat' dir='ltr'>est</span> <span class='ocrx_word' id='word_1_186' title='bbox 308 3543 429 3623; x_wconf 90' lang='lat' dir='ltr'>aliquid</span> <span class='ocrx_word' id='word_1_187' title='bbox 453 3542 494 3603; x_wconf 93' lang='lat' dir='ltr'>ad</span> <span class='ocrx_word' id='word_1_188' title='bbox 518 3541 608 3622; x_wconf 89' lang='lat' dir='ltr'>quod</span> <span class='ocrx_word' id='word_1_189' title='bbox 633 3561 698 3603; x_wconf 90' lang='lat' dir='ltr'>non</span> <span class='ocrx_word' id='word_1_190' title='bbox 721 3551 770 3602; x_wconf 87' lang='lat' dir='ltr'>est</span> <span class='ocrx_word' id='word_1_191' title='bbox 794 3550 870 3603; x_wconf 91' lang='lat' dir='ltr'>nata</span> <span class='ocrx_word' id='word_1_192' title='bbox 889 3561 958 3602; x_wconf 87' lang='lat' dir='ltr'>esse</span> <span class='ocrx_word' id='word_1_193' title='bbox 970 3541 1023 3602; x_wconf 93' lang='lat' dir='ltr'>illa</span> <span class='ocrx_word' id='word_1_194' title='bbox 1042 3541 1199 3623; x_wconf 83' lang='lat' dir='ltr'>potentia.</span> 
     </span>
     <span class='ocr_line' id='line_1_30' title="bbox 238 3647 1198 3731; baseline 0 -21"><span class='ocrx_word' id='word_1_195' title='bbox 238 3649 272 3717; x_wconf 83' lang='lat' dir='ltr'>Si</span> <span class='ocrx_word' id='word_1_196' title='bbox 297 3649 403 3731; x_wconf 90' lang='lat' dir='ltr'>primo</span> <span class='ocrx_word' id='word_1_197' title='bbox 427 3648 537 3723; x_wconf 88' lang='lat' dir='ltr'>modo,</span> <span class='ocrx_word' id='word_1_198' title='bbox 561 3668 641 3730; x_wconf 85' lang='lat' dir='ltr'>ergo</span> <span class='ocrx_word' id='word_1_199' title='bbox 665 3668 730 3709; x_wconf 93' lang='lat' dir='ltr'>non</span> <span class='ocrx_word' id='word_1_200' title='bbox 755 3647 878 3710; x_wconf 89' lang='lat' dir='ltr'>habens</span> <span class='ocrx_word' id='word_1_201' title='bbox 900 3647 987 3726; x_wconf 85' lang='lat' dir='ltr'>illam</span> <span class='ocrx_word' id='word_1_202' title='bbox 1017 3648 1198 3729; x_wconf 91' lang='lat' dir='ltr'>potentiam</span> 
     </span>
    </p>
   </div>
   <div class='ocr_carea' id='block_1_5' title="bbox 0 0 1351 4209">
    <p class='ocr_par' dir='ltr' id='par_1_8' title="bbox 0 0 1351 4209">
     <span class='ocr_line' id='line_1_31' title="bbox 0 0 1351 4209; baseline 0 0"><span class='ocrx_word' id='word_1_203' title='bbox 0 0 1351 4209; x_wconf 95' lang='lat' dir='ltr'> </span> 
     </span>
    </p>
   </div>
  </div>
 </body>
</html>
