2684 4209
389 263 575 326 D1ss1ucs.
600 261 682 325 XXI
706 260 892 342 Quum]
1062 263 1125 341 267

185 469 343 551 cipiatum
367 479 444 533 sunt
467 468 615 544 relativa3
640 468 697 530 sed
728 469 826 531 dictio
849 467 1015 531 exclusiva
1038 467 1150 530 addita

188 575 347 658 principio
369 577 515 639 excludit
538 575 784 668 principiatum;
808 595 896 657 ergo.
922 575 1074 637 Probatio
1091 574 1151 636 mi-

190 683 279 746 noris
294 704 338 745 ex
354 702 384 748 J.
408 682 509 764 Phys.
527 682 583 744 ubi
606 683 685 746 dicit
701 681 917 764 Philosophus
934 681 1064 762 quodsi
1081 690 1151 744 tan·

186 798 258 851 tum
282 799 330 851 est
354 789 559 871 principium,
584 789 814 871 principiatum
832 809 898 850 non
921 797 979 852 est.
996 824 1041 834 -
1060 787 1150 850 Prte-

189 905 284 971 terea,
306 914 338 958 2.
363 894 499 958 Elenclz.
524 895 640 958 dicitur
663 895 754 977 quod
778 895 883 957 solum
893 895 979 956 idem
995 902 1044 957 est
1059 894 1150 975 quod

189 1022 253 1065 non
278 1023 354 1064 cum
378 1003 450 1068 alio.
474 1038 518 1051 -
543 1001 611 1065 Sed
631 1023 686 1064 nec
710 1003 780 1064 istce
795 1001 1002 1064 auctoritates
1021 1001 1150 1064 conclu·

187 1109 272 1172 dunt
294 1130 355 1192 pro
378 1109 483 1191 prima
505 1109 673 1190 opinione;
705 1129 781 1171 nam
820 1108 853 1171 in
887 1108 1004 1171 divinis
1041 1107 1148 1190 aliqua

188 1225 264 1278 sunt
286 1216 426 1297 propria,
450 1216 559 1297 aliqua
581 1216 849 1298 appropriata;et
865 1236 940 1278 cum
962 1215 1078 1277 dicitur
1101 1235 1151 1276 so

191 1324 240 1384 lus
262 1323 357 1385 Pater
380 1322 480 1384 habet
517 1321 807 1408 immortalitatem,
840 1343 905 1384 non
929 1320 966 1383 fit
1003 1321 1151 1384 exclusio

189 1429 450 1502 immortalitatis,
474 1424 530 1491 sed
547 1427 584 1490 fit
599 1429 745 1491 exclusio
761 1429 1042 1510 appropriationis,
1059 1428 1149 1510 quod

188 1536 281 1598 Pater
306 1535 405 1599 habet
428 1535 707 1598 immortalitatem
742 1535 960 1620 appropriate,
992 1556 1033 1597 eo
1058 1535 1150 1616 quod

189 1641 288 1704 habet
310 1662 383 1704 eam
408 1662 474 1704 non
497 1642 540 1705 ab
562 1641 640 1717 alio;
665 1641 766 1704 Filius
789 1651 899 1704 autem
939 1651 971 1704 et
1011 1640 1151 1722 Spiritus

190 1747 314 1812 Santus
337 1747 459 1811 habent
481 1769 555 1811 eam
578 1769 598 1810 a
621 1749 717 1811 Patre
738 1748 821 1811 sicut
844 1757 876 1810 et
899 1748 1080 1810 essentiam.

254 1851 452 1922 Secundo
474 1851 613 1922 modus
631 1851 784 1923 dicendi
804 1864 852 1918 est
876 1855 999 1937 AEgidii
1024 1855 1081 1917 ubi
1098 1875 1148 1917 su-

181 1970 247 2043 pra
270 1961 359 2044 quod
383 1961 408 2023 si
433 1982 535 2024 unum
552 1961 723 2024 relativum
743 1971 826 2024 esset
847 1962 888 2024 de
912 1971 1072 2043 conceptu
1089 1961 1152 2043 pri·

188 2068 291 2130 mario
306 2068 444 2143 alterius
461 2069 561 2131 dictio
572 2068 738 2131 exclusiva
754 2068 864 2131 addita
881 2069 935 2130 uni
960 2089 1025 2131 non
1041 2068 1152 2130 exclu-

187 2175 277 2237 deret
299 2175 437 2237 alterum
462 2175 641 2249 relativum,
662 2195 776 2238 verum
793 2184 849 2237 est.
875 2174 940 2238 Sed
956 2175 1032 2257 quia
1048 2175 1150 2237 relati-

187 2302 267 2344 vum
290 2289 339 2344 est
361 2281 403 2343 de
425 2281 617 2344 secundario
647 2289 808 2363 conceptu
847 2281 1036 2356 correlativi‚
1075 2282 1152 2344 idco

189 2387 290 2451 dictio
313 2388 480 2451 exclusiva
502 2387 614 2450 addita
638 2387 692 2449 uni
716 2389 863 2451 excludit
893 2388 1041 2450 alterum.
1078 2369 1149 2451 Hoc

185 2495 401 2576 confirmatur
429 2494 488 2557 sic:
512 2494 612 2556 dictio
638 2494 805 2557 exclusiva
827 2495 938 2557 addita
965 2495 1058 2557 alicui
1083 2515 1149 2557 non

187 2601 334 2663 excludit
358 2601 436 2662 illud
451 2601 542 2683 quod
564 2610 613 2664 est
636 2601 678 2662 de
701 2601 868 2683 principali
892 2601 961 2682 ejus
977 2611 1148 2683 conceptu,

188 2708 266 2789 quia
289 2728 355 2770 non
371 2708 528 2789 sequitur:
553 2717 601 2770 est
624 2708 712 2772 solus
729 2708 838 2782 hom0‚
863 2729 943 2790 ergo
958 2729 1024 2770 non
1048 2717 1097 2771 est
1119 2729 1152 2769 a·

188 2813 301 2890 nimal;
326 2835 406 2896 ergo
428 2813 453 2876 si
489 2834 592 2877 unum
631 2814 800 2880 relativum
835 2823 884 2876 est
904 2815 945 2877 de
983 2814 1149 2896 principali

185 2930 347 3002 conceptu
371 2921 509 2995 alterius,
534 2931 613 2983 tunc
636 2919 736 2984 dictio
758 2921 924 2983 exclusiva
955 2920 1066 2984 addita
1094 2921 1149 2982 uni

189 3046 254 3089 non
277 3027 422 3089 excludit
445 3028 594 3090 alterum.
618 3064 662 3075 —
685 3027 849 3090 Proeterca
872 3028 897 3090 si
922 3048 1024 3090 unum
1049 3027 1151 3090 relati-

187 3153 267 3195 vum
290 3143 374 3196 esset
397 3134 438 3196 de
460 3133 627 3216 principali
651 3143 811 3216 conceptu
835 3134 974 3209 alterius,
999 3144 1031 3197 ct
1052 3134 1151 3196 dictio

186 3240 353 3302 exclusiva
375 3241 486 3302 addita
509 3241 564 3303 uni
589 3242 767 3304 necessario
789 3241 978 3314 excluderet
1000 3242 1148 3314 alterum,

186 3354 265 3408 tunc
288 3348 404 3409 eodem
429 3347 530 3410 modo
553 3347 651 3410 dictio
674 3325 840 3411 exclusiva
871 3348 982 3410 addita
1012 3349 1072 3410 toti
1095 3369 1151 3410 ex-

182 3453 329 3516 cluderet
351 3463 488 3535 partem,
512 3455 603 3536 quod
626 3464 675 3518 est
702 3454 829 3530 falsum,
853 3455 930 3537 quia
953 3475 1018 3518 non
1042 3457 1150 3537 sequi·

182 3569 252 3622 tur:
276 3561 345 3623 sola
368 3561 487 3624 domus
509 3570 568 3635 est,
592 3582 671 3643 ergo
695 3562 799 3643 paries
822 3571 970 3625 nonest.

259 3662 407 3735 Tertius
428 3664 566 3735 modus
588 3664 741 3735 dicendi
760 3677 808 3732 est
831 3689 930 3750 quem
947 3677 1043 3732 teneo
1059 3668 1149 3750 quod
