2684 4209
411 288 567 353 Pnoeon.
595 288 741 368 Quasi.
767 289 790 350 1.
1059 310 1098 372 19

215 489 340 559 Tertia
368 488 565 559 Conclusio
590 494 747 575 probatur
763 495 822 555 sic:
846 492 991 575 Quando
1006 497 1122 579 aliquis

150 600 282 662 habitus
306 602 338 661 in
364 600 525 661 intellectu
551 610 599 661 est
625 600 748 663 habens
771 601 969 664 evidentiam
996 623 1041 666 ex
1065 605 1122 667 oin

148 707 246 785 jetti),
285 707 428 788 primum
460 706 530 786 ejus
562 707 732 787 objectum
765 708 911 770 continet
942 710 1121 773 virtualiter

153 835 268 875 omnes
292 814 441 875 veritates
465 814 544 893 ejuS,
570 834 635 876 non
660 816 767 876 solum
793 824 829 876 ut
851 825 900 877 est
922 816 1011 878 istius
1034 817 1122 879 habi-

152 932 215 993 tus,
240 921 296 981 sed
321 921 417 981 etiam
444 930 478 981 ut
502 932 550 982 est
575 922 606 981 in
630 922 687 981 tali
705 921 884 995 intellectu;
909 924 1044 1003 quando
1067 946 1123 987 au-

154 1040 220 1089 tem
246 1028 296 1088 ille
321 1026 449 1088 habitus
474 1048 539 1088 non
565 1027 662 1089 habet
687 1027 950 1091 evidentiamex
980 1030 1120 1110 objecto

156 1154 219 1196 non
245 1143 372 1214 oportet
396 1134 487 1214 quod
511 1133 678 1213 objectum
703 1127 821 1195 habeat
844 1134 926 1196 duas
946 1137 1121 1217 praedictas

152 1241 365 1307 conditiones,
390 1241 492 1301 immo
516 1241 544 1301 ei
569 1241 756 1302 attribuitur
781 1262 841 1321 pro
865 1242 971 1321 primo
988 1243 1120 1323 objecto

154 1348 203 1408 vel
228 1347 374 1427 subjecto
398 1347 519 1427 aliquid
538 1347 648 1427 primo
674 1358 783 1408 notum
807 1348 858 1409 cui
883 1348 1072 1411 immediate
1088 1351 1122 1411 il-

155 1455 193 1515 1ae
218 1454 367 1515 veritates
390 1454 509 1515 insunt.
537 1453 602 1517 Sed
625 1452 808 1535 Theologia
832 1464 942 1516 nostro
967 1476 1033 1518 non
1066 1456 1121 1519 ha·

154 1562 207 1621 bet
231 1561 426 1621 evidentiam
451 1581 493 1622 ex
519 1560 658 1639 objecto¹
687 1560 777 1641 Ergo
798 1561 825 1621 ei
851 1561 1037 1624 attribuitur
1061 1585 1122 1644 pro

151 1668 301 1746 subjecto
324 1667 445 1747 aliquid
463 1667 573 1747 primo
598 1678 708 1729 nolum
733 1668 784 1728 cui
802 1667 990 1730 immediate
1011 1668 1122 1732 insunt

39 1806 49 1833 i
152 1776 303 1835 veritates
318 1768 523 1855 theologicae.
543 1773 607 1835 Sed
625 1773 687 1835 hoc
703 1783 752 1834 est
767 1794 825 1834 ens
839 1772 1013 1837 infinitum.
1028 1776 1121 1857 Ergo

149 1902 209 1943 ens
232 1880 394 1942 infinitum
420 1892 467 1941 est
492 1881 678 1959 subjectum
703 1879 895 1962 Theologiae
913 1891 1034 1943 nostrae
1051 1883 1118 1945 sive

154 1989 184 2048 in
212 1986 314 2049 nobie.

220 2089 285 2159 Ad
301 2091 486 2177 prunum,
512 2092 586 2154 dico
617 2093 707 2173 qnod
731 2093 848 2173 forma
880 2094 1023 2173 simplex
1054 2115 1121 2156 non

150 2211 262 2282 potest
284 2220 353 2261 esse
376 2200 560 2279 subjeetum
584 2199 769 2271 accidente,
794 2200 850 2260 sed
877 2200 960 2262 bene
982 2210 1032 2262 est
1047 2201 1121 2263 sub

146 2309 274 2387 jectum
298 2308 565 2369 considerationis
589 2315 621 2367 et
644 2306 800 2367 sci'entioe.

219 2414 278 2475 Ad
297 2414 481 2486 secundum,
506 2413 580 2475 dico
604 2413 694 2493 quod
727 2412 863 2474 materia
895 2434 937 2474 ex
960 2434 1025 2494 qua
1054 2434 1121 2476 non

149 2520 305 2583 coincidit
328 2541 403 2582 cum
428 2520 496 2581 aliis
520 2520 633 2591 causis,
659 2520 716 2580 sed
740 2520 878 2580 materia
900 2520 989 2581 circa
1020 2542 1120 2601 qnam

149 2636 261 2708 potest
284 2627 473 2689 coincidere.
500 2627 590 2688 Deus
613 2636 724 2687 autem
748 2646 815 2687 non
839 2635 888 2687 est
914 2626 1049 2688 materia
1080 2648 1124 2688 ex

147 2756 227 2815 qua,
253 2734 309 2795 sed
332 2733 553 2814 circoquam.

220 2840 279 2902 Ad
299 2840 452 2901 ultimum
477 2840 593 2902 dicitur
617 2838 797 2920 dupliciter.
821 2838 889 2901 Uno
920 2839 1011 2901 modo
1031 2841 1123 2921 quod

141 2960 293 3028 personae
316 2957 392 3008 sunt
415 2947 457 3008 ibi
475 2946 566 3027 quasi
575 2956 696 3026 parles,
717 2956 750 3007 et
762 2945 924 3007 attributa
941 2948 1033 3027 quasi
1046 2958 1120 3027 pus-

149 3056 277 3127 siones,·
315 3074 373 3115 nec
408 3063 538 3135 oportet
579 3052 669 3133 quod
715 3053 815 3125 Deus,
853 3062 889 3113 ut
919 3062 969 3114 est
1000 3054 1125 3133 subjec-

147 3172 235 3234 tum,
261 3160 380 3223 habeat
403 3160 608 3242 principium,
633 3160 710 3241 quia
741 3180 807 3221 non
839 3169 889 3220 est
922 3161 963 3221 de
995 3161 1120 3222 ratione

148 3268 289 3349 subjecti
314 3268 455 3329 scientiae
480 3268 599 3329 habere
623 3266 789 3347 principia,
823 3288 899 3328 nam
934 3266 1120 3347 subjectum

150 3377 185 3437 in
211 3375 438 3457 Metaplrysica
466 3384 515 3435 est
538 3394 595 3435 ens
620 3374 813 3453 inquantum
845 3393 913 3446 enn,
946 3383 980 3434 et
1011 3382 1122 3435 tamen

149 3484 236 3545 entis
260 3492 297 3545 ul
318 3483 375 3553 sic,
398 3504 461 3544 non
480 3490 556 3543 sunt
573 3480 737 3562 principia.
751 3518 762 3525 -
774 3481 883 3541 llliter
898 3479 1017 3541 dicitur
1033 3481 1124 3561 quod

152 3593 262 3671 masor
283 3600 332 3651 est
356 3610 431 3651 vera
455 3590 486 3651 in
511 3588 649 3650 scientiis
680 3587 865 3648 naturaliter
897 3586 1039 3649 inventis
1071 3607 1125 3647 cu-

146 3696 205 3776 jus
227 3697 413 3778 subjectum
437 3705 486 3757 est
509 3696 640 3775 aliquod
658 3695 836 3756 universale
852 3693 942 3774 quod
958 3691 1059 3755 tabet
1074 3693 1125 3753 di·
