2684 4209
282 267 468 329 onmes
494 265 642 328 xxxvr
666 219 812 348 Quasi.
836 267 882 329 111
1010 283 1072 353 373

200 470 477 554 Arqumenta
492 480 604 533 autem
620 471 736 554 primae
753 471 914 554 opinionis
929 493 995 536 non
1019 494 1094 536 con·

127 579 288 653 eludunt3
312 578 338 639 si
355 579 505 660 primum
528 586 760 661 argumentum
788 579 918 652 valeret,
949 578 994 642 ita
1025 600 1098 662 pro-

132 685 265 747 baretur
287 684 379 766 quod
402 705 451 747 res
475 683 659 746 habuerunt
674 685 716 747 ab
731 693 856 747 aeterno
870 705 940 747 esse
954 685 1093 750 existen·

133 791 190 854 tiae
213 791 296 854 sicut
319 811 388 854 esse
410 791 574 884 essentiae;
600 811 677 852 nam
701 791 834 854 scientia
857 791 948 854 realis
979 811 1037 874 per
1064 801 1097 856 te

130 907 185 960 est
207 899 248 960 de
271 897 403 979 objecto
425 897 518 960 reali:
543 897 600 960 sed
624 897 715 959 Deus
745 897 788 960 ab
822 906 945 961 aeterno
981 897 1094 962 habuit

131 1004 302 1067 scientiam
327 1004 445 1066 realem
469 1005 511 1066 de
533 1003 705 1066 existentia
729 1003 827 1085 hujus
850 1004 912 1080 rei;
936 1024 1015 1087 ergo
1046 1026 1096 1068 res

132 1111 196 1173 ista
219 1110 334 1174 habuit
349 1110 391 1172 ab
414 1118 539 1173 aeterno
553 1130 622 1172 esse
644 1110 837 1183 existentiae,
861 1112 951 1192 quod
974 1121 1023 1174 est
1043 1111 1097 1175 fal·

128 1238 219 1285 sum.
244 1217 329 1279 Dico
351 1237 448 1299 ergo:
474 1217 565 1280 Deus
594 1216 707 1279 habuit
730 1217 895 1280 scientiam
920 1219 1038 1280 realem
1056 1219 1097 1282 de

130 1323 234 1387 rebus
255 1323 334 1410 quia
356 1324 467 1386 omnia
477 1323 647 1406 cognoscit
669 1323 702 1385 in
726 1344 784 1386 sua
803 1325 940 1387 essentia
956 1345 1031 1406 quae
1048 1334 1097 1388 est

132 1431 319 1494 realissima.

201 1538 261 1600 Ad
279 1538 454 1600 secundum
478 1537 552 1600 dico
575 1538 664 1620 quod
688 1545 921 1620 argumentum
946 1539 987 1600 de
1009 1559 1097 1603 com-

129 1654 263 1708 mutata
287 1645 507 1727 propositione
530 1666 596 1708 non
619 1654 708 1708 tenet
731 1645 790 1707 nisi
814 1644 845 1706 in
858 1645 1002 1709 terminis
1022 1667 1098 1710 con·

128 1752 345 1826 ‘vertibilibus
370 1762 403 1814 et
425 1752 502 1834 quia
525 1752 575 1814 isti
598 1751 726 1815 termini
750 1771 816 1814 non
839 1761 916 1814 sunt
938 1753 1097 1816 converti-

128 1857 233 1930 biles;
257 1857 337 1941 ergo
361 1879 426 1922 non
451 1860 545 1921 valet.

203 1966 261 2028 Ad
281 1966 412 2028 tertium
436 1986 513 2028 cum
538 1965 654 2029 dicitur
682 1967 772 2047 quod
804 1985 854 2028 res
885 1965 999 2029 habuit
1029 1987 1097 2029 esse

130 2073 420 2155 praedicamentale
442 2072 485 2135 ab
508 2082 641 2146 aeterno,
665 2071 740 2135 dico
762 2073 852 2154 quod
883 2091 952 2135 esse
982 2073 1098 2155 praedi·

129 2180 316 2242 camentale
344 2179 482 2241 sumitur
513 2179 693 2261 dupliciter,
724 2179 844 2241 scilicet
874 2179 907 2242 in
940 2201 975 2242 re
998 2188 1030 2242 et
1061 2180 1108 2242 in·

127 2296 293 2367 conceptu.
318 2286 427 2349 Primo
451 2287 551 2348 modo
575 2306 640 2348 non
664 2295 742 2349 sunt
764 2286 806 2348 ab
829 2295 962 2360 aetern0,
987 2307 1098 2350 secun-

128 2392 181 2454 do
206 2392 305 2454 modo
328 2401 413 2454 sunt.
439 2392 484 2454 Et
507 2392 650 2455 similiter
673 2392 747 2456 dico
770 2390 819 2455 ad
837 2403 1002 2476 quartum.

202 2499 261 2560 Ad
281 2498 443 2580 quintum,
467 2499 601 2580 quando
623 2500 771 2582 arguitur
798 2500 859 2562 sic:
893 2500 976 2562 Illud
1007 2501 1097 2582 quud

130 2613 187 2668 est
218 2605 368 2686 possibile
399 2625 468 2668 esse
499 2605 598 2668 habet
623 2606 746 2687 aliquid
778 2607 852 2688 plus
886 2627 986 2688 quam
1018 2607 1097 2669 illud

128 2712 227 2794 quod
250 2719 300 2773 est
323 2711 521 2794 impossibile
536 2732 614 2786 esse,
638 2713 712 2776 dico
728 2713 819 2796 quod
834 2722 882 2776 est
906 2712 1022 2776 salsum
1039 2714 1098 2775 nisi
1171 2749 1175 2757 ·

128 2828 298 2901 quantum
314 2819 356 2880 ad
372 2818 694 2901 compossibilitatem
710 2819 934 2894 terminorum,
951 2821 1008 2882 sed
1032 2841 1097 2883 non

128 2935 298 3008 quantum
322 2926 364 2988 ad
387 2946 456 2988 esse
479 2926 533 2988 rei.
560 2922 646 2990 Nam
669 2928 712 2989 ab
736 2936 859 2989 aeterno
883 2927 1010 2989 termini
1042 2926 1099 2990 ho

133 3031 242 3105 minis,
267 3032 386 3095 scilicet
408 3032 529 3095 animal
554 3033 718 3108 rationale,
744 3031 874 3098 fuerunt
889 3034 1101 3115 compossibi-

134 3141 191 3213 les,
215 3139 272 3200 sed
296 3138 424 3202 termini
448 3138 625 3202 hircocervi
648 3140 772 3203 nullam
797 3140 983 3203 habuerunt
1012 3161 1099 3204 com·

131 3244 391 3328 possibilitatem,
414 3255 448 3308 et
470 3247 525 3308 illo
549 3247 649 3309 modo
673 3267 776 3310 unum
804 3249 855 3311 vel
880 3247 956 3310 nihil
990 3248 1099 3329 majus

127 3361 184 3415 est
206 3353 307 3414 altero
331 3352 440 3427 nihilo,
456 3352 577 3416 scilicet
607 3364 739 3436 propter
770 3355 1094 3436 compossibilitatem

130 3437 361 3522 terminorum.
