2684 4209
352 239 538 304 Drscmcs.
561 239 675 303 XXIII
700 238 846 320 QuAEsr.
862 239 893 304 II
1046 255 1111 320 279

164 443 322 509 abstrahit
345 446 388 509 ab
404 465 471 508 uno
494 454 527 508 et
542 445 612 527 ejus
623 445 778 528 opposito
789 467 796 524 ;
809 466 889 528 ergo
912 465 969 508 ens
980 454 1013 508 et
1031 466 1134 507 unum

167 571 234 614 non
250 561 326 614 sunt
342 551 439 614 idem.
456 553 574 615 Minor
595 553 753 634 probatur
784 574 840 635 per
869 551 1076 614 Avicennam
1101 571 1133 628 5.
1154 617 1157 624 ,

166 657 314 739 Metaplt.
332 658 388 721 ubi
411 659 528 720 dicitur
551 659 642 740 quod
665 659 826 742 equinitas
841 679 885 721 ex
908 679 942 721 se
962 679 1021 721 nec
1037 667 1085 720 est
1102 680 1135 719 u·

167 785 247 827 num
271 785 331 828 nec
355 767 468 828 multa.

231 872 405 947 Prolem,
430 872 456 934 si
479 892 537 934 ens
560 881 593 935 et
617 892 719 935 unum
744 882 791 935 est
816 872 913 946 idem,
938 893 1017 956 ergo
1041 873 1131 954 quod

169 999 236 1042 non
258 988 308 1041 est
332 1000 434 1041 unum
458 999 525 1043 non
548 987 596 1041 est
620 1000 695 1056 ens;
721 981 777 1042 sed
803 979 978 1042 multitudo
999 999 1064 1042 non
1088 988 1138 1040 est

165 1105 248 1162 una;
264 1106 344 1168 ergo
360 1085 536 1147 multitudo
553 1106 619 1148 non
635 1094 684 1148 est
696 1107 762 1160 ens,
779 1084 999 1168 quodfalsum
1016 1094 1073 1148 est.
1088 1121 1132 1132 -

166 1193 270 1254 Istam
294 1191 452 1254 rationem
469 1192 562 1274 ponit
577 1191 750 1255 Avicenna
764 1191 798 1256 8.
815 1191 962 1274 Metaplz.
977 1211 1044 1254 suoe
1064 1201 1132 1273 cap.

165 1297 198 1361 6.
223 1299 258 1361 in
276 1299 452 1380 principio,
479 1307 512 1362 et
535 1299 613 1361 dicit
635 1299 697 1362 sic:
724 1299 749 1362 si
773 1299 853 1362 illud
876 1300 965 1382 quod
987 1298 1136 1380 intelligi-

165 1415 219 1468 tur
242 1407 284 1468 de
300 1427 366 1468 uno
389 1405 524 1469 omnino
546 1415 630 1469 esset
653 1407 740 1469 idem
757 1407 847 1489 quod
868 1406 1056 1489 intelligitur
1078 1425 1135 1487 per

166 1533 233 1587 em,
258 1521 337 1575 tunc
360 1512 500 1575 multum
524 1514 705 1575 secundum
729 1513 819 1596 quod
837 1513 976 1576 multum
998 1533 1063 1575 non
1091 1532 1137 1574 es·

167 1628 217 1682 set
239 1639 297 1681 eus
319 1618 402 1682 sicut
426 1639 491 1682 non
515 1628 564 1681 est
587 1640 700 1682 unum.

233 1725 407 1798 Proeterea,
435 1725 585 1788 accidens
608 1747 673 1788 non
697 1735 746 1788 est
769 1726 855 1788 idem
877 1747 952 1788 curn
978 1725 1135 1806 subjecto;

166 1832 224 1894 sed
249 1853 351 1894 unum
382 1841 432 1894 est
462 1832 611 1895 accidens
640 1833 741 1908 entis;
772 1854 851 1915 ergo
882 1854 948 1896 non
971 1842 1019 1894 est
1050 1831 1136 1893 idem

167 1959 245 2000 cum
268 1948 353 2005 ente.
377 1975 422 1986 -
444 1939 510 2002 Ista
525 1939 607 2002 ratio
622 1938 760 2002 trahitur
775 1941 817 2002 ab
833 1940 1006 2003 Avicenna
1017 1957 1050 2018 J.
1068 1939 1138 2001 Mc

164 2043 254 2126 taplz.
274 2063 310 2125 j.
333 2057 406 2127 cap..
426 2045 513 2108 circa
537 2047 691 2119 medium,
721 2046 776 2109 ubi
799 2047 877 2109 dicit
907 2047 997 2129 quod
1029 2065 1133 2108 unum

166 2172 235 2214 non
257 2161 306 2214 est
327 2152 517 2227 substantia,
542 2153 618 2235 quia
641 2174 708 2217 non
744 2153 894 2235 recipitur
922 2154 954 2215 in
986 2150 1138 2215 certifica·

167 2259 257 2321 tione
279 2259 330 2322 vel
354 2260 386 2320 in
411 2258 650 2334 rectificatione,
675 2261 758 2323 idest
780 2260 813 2322 in
837 2259 1024 2322 definitione
1047 2258 1138 2340 quid-

167 2365 278 2428 ditatis
299 2367 500 2442 substantiae,
524 2367 580 2430 sed
604 2377 653 2430 est
676 2367 901 2431 concomitans
921 2365 1136 2430 substantiam

167 2474 253 2536 sicut
273 2472 342 2554 jam
367 2474 470 2552 nosti;
493 2494 574 2556 ergo
597 2494 700 2536 unum
725 2495 791 2536 non
815 2482 863 2536 est
887 2474 1076 2537 substantia.

238 2685 370 2752 Alius
397 2687 558 2752 modus
586 2687 766 2753 dicenda·
789 2695 837 2750 est
862 2687 1137 2751 commentatoris

163 2812 200 2877 4.
225 2791 390 2875 Metaplz„
415 2793 469 2856 ubi
493 2794 663 2876 distinguit
686 2793 851 2875 duplicem
869 2794 1029 2857 unitatem
1054 2794 1138 2856 scili·

167 2909 222 2962 cet
244 2900 402 2962 unitatem
426 2921 501 2982 quae
525 2909 573 2963 est
590 2901 702 2982 passio
718 2901 811 2974 entis,
835 2909 867 2962 et
884 2902 1041 2962 unitatem
1061 2921 1137 2982 quae

167 3015 219 3069 est
235 3007 441 3089 principium
465 3008 605 3080 umeri,
637 3017 670 3070 et
701 3007 778 3070 dicit
809 3008 899 3089 quod
931 3007 1036 3070 unitas
1059 3028 1135 3089 quae

170 3121 220 3176 est
244 3114 351 3195 passio
366 3114 459 3188 entis,
483 3114 562 3176 dicit
577 3115 715 3177 eandem
733 3135 801 3176 rem
817 3135 894 3176 cum
910 3123 993 3176 ente.
1009 3151 1054 3160 —-
1069 3093 1135 3176 ista

172 3219 348 3284 Conclusio
373 3220 650 3284 Commentatoris
673 3229 781 3302 potest
804 3221 932 3303 probari
952 3220 1135 3303 multiplici·

175 3337 242 3389 ter:

239 3433 356 3497 Primo
379 3434 440 3497 sic:
467 3433 684 3518 Quaecuuque
708 3436 776 3498 duo
799 3435 911 3497 addita
935 3434 990 3497 uni
1014 3435 1137 3497 nullam

169 3540 393 3604 diversitatem
425 3541 558 3617 faciunt,
589 3542 703 3606 dicunt
734 3543 873 3606 eandem
905 3562 974 3605 rem
1006 3551 1039 3604 et
1062 3551 1138 3604 sunt

171 3648 301 3731 penitus
323 3649 504 3726 idem;sed
532 3669 590 3713 ens
619 3657 652 3712 et
684 3670 786 3712 unum
819 3657 895 3712 sunt
930 3649 1136 3732 hujusmodi;
