<?xml version="1.0" encoding="UTF-8"?>
<!DOCTYPE html PUBLIC "-//W3C//DTD XHTML 1.0 Transitional//EN"
    "http://www.w3.org/TR/xhtml1/DTD/xhtml1-transitional.dtd">
<html xmlns="http://www.w3.org/1999/xhtml" xml:lang="en" lang="en">
 <head>
  <title>
</title>
<meta http-equiv="Content-Type" content="text/html;charset=utf-8" />
  <meta name='ocr-system' content='tesseract 3.04.00' />
  <meta name='ocr-capabilities' content='ocr_page ocr_carea ocr_par ocr_line ocrx_word'/>
</head>
<body>
  <div class='ocr_page' id='page_1' title='image "./commentariainli01scotgoog_0098.png"; bbox 0 0 2684 4209; ppageno 0'>
   <div class='ocr_carea' id='block_1_1' title="bbox 259 254 940 321">
    <p class='ocr_par' dir='ltr' id='par_1_1' title="bbox 259 254 940 321">
     <span class='ocr_line' id='line_1_1' title="bbox 259 254 940 321; baseline 0.001 -1"><span class='ocrx_word' id='word_1_1' title='bbox 259 259 300 320; x_wconf 88' lang='lat'>82</span> <span class='ocrx_word' id='word_1_2' title='bbox 547 255 621 320; x_wconf 81' lang='lat' dir='ltr'>Lm.</span> <span class='ocrx_word' id='word_1_3' title='bbox 647 254 940 321; x_wconf 75' lang='lat' dir='ltr'>Snurnu‘nnnuu</span> 
     </span>
    </p>
   </div>
   <div class='ocr_carea' id='block_1_2' title="bbox 230 461 1214 3742">
    <p class='ocr_par' dir='ltr' id='par_1_2' title="bbox 230 461 1203 1814">
     <span class='ocr_line' id='line_1_2' title="bbox 237 461 1198 546; baseline 0 -22"><span class='ocrx_word' id='word_1_4' title='bbox 237 463 335 546; x_wconf 85' lang='lat' dir='ltr'>gatio.</span> <span class='ocrx_word' id='word_1_5' title='bbox 361 463 405 525; x_wconf 88' lang='lat' dir='ltr'>Et</span> <span class='ocrx_word' id='word_1_6' title='bbox 429 462 473 524; x_wconf 88' lang='lat' dir='ltr'>sic</span> <span class='ocrx_word' id='word_1_7' title='bbox 497 461 570 524; x_wconf 91' lang='lat' dir='ltr'>dico</span> <span class='ocrx_word' id='word_1_8' title='bbox 594 461 685 543; x_wconf 90' lang='lat' dir='ltr'>quod</span> <span class='ocrx_word' id='word_1_9' title='bbox 708 463 816 544; x_wconf 75' lang='lat' dir='ltr'>masor</span> <span class='ocrx_word' id='word_1_10' title='bbox 837 471 885 524; x_wconf 91' lang='lat' dir='ltr'>est</span> <span class='ocrx_word' id='word_1_11' title='bbox 907 461 996 536; x_wconf 88' lang='lat' dir='ltr'>falsa,</span> <span class='ocrx_word' id='word_1_12' title='bbox 1020 463 1045 524; x_wconf 93' lang='lat' dir='ltr'>si</span> <span class='ocrx_word' id='word_1_13' title='bbox 1062 462 1122 525; x_wconf 89' lang='lat' dir='ltr'>iste</span> <span class='ocrx_word' id='word_1_14' title='bbox 1137 471 1198 525; x_wconf 88' lang='lat' dir='ltr'>ter·</span> 
     </span>
     <span class='ocr_line' id='line_1_3' title="bbox 238 568 1198 650; baseline 0 -18"><span class='ocrx_word' id='word_1_15' title='bbox 238 570 345 632; x_wconf 91' lang='lat' dir='ltr'>minus</span> <span class='ocrx_word' id='word_1_16' title='bbox 369 570 616 650; x_wconf 79' lang='lat' dir='ltr'>mmmquodque</span> <span class='ocrx_word' id='word_1_17' title='bbox 638 568 799 630; x_wconf 87' lang='lat' dir='ltr'>distribuit</span> <span class='ocrx_word' id='word_1_18' title='bbox 822 590 881 650; x_wconf 87' lang='lat' dir='ltr'>pro</span> <span class='ocrx_word' id='word_1_19' title='bbox 905 569 1033 631; x_wconf 88' lang='lat' dir='ltr'>entibus</span> <span class='ocrx_word' id='word_1_20' title='bbox 1056 569 1198 632; x_wconf 80' lang='lat' dir='ltr'>realibus</span> 
     </span>
     <span class='ocr_line' id='line_1_4' title="bbox 237 675 1199 758; baseline -0.001 -19"><span class='ocrx_word' id='word_1_21' title='bbox 237 686 270 740; x_wconf 90' lang='lat' dir='ltr'>et</span> <span class='ocrx_word' id='word_1_22' title='bbox 284 676 504 758; x_wconf 57' lang='lat' dir='ltr'>formamus,-</span> <span class='ocrx_word' id='word_1_23' title='bbox 528 683 561 738; x_wconf 93' lang='lat' dir='ltr'>et</span> <span class='ocrx_word' id='word_1_24' title='bbox 584 676 637 738; x_wconf 90' lang='lat' dir='ltr'>sic·</span> <span class='ocrx_word' id='word_1_25' title='bbox 653 676 777 738; x_wconf 84' lang='lat' dir='ltr'>ultimae</span> <span class='ocrx_word' id='word_1_26' title='bbox 801 675 989 738; x_wconf 82' lang='lat' dir='ltr'>differentiae</span> <span class='ocrx_word' id='word_1_27' title='bbox 1012 685 1089 738; x_wconf 91' lang='lat' dir='ltr'>sunt</span> <span class='ocrx_word' id='word_1_28' title='bbox 1109 676 1199 738; x_wconf 84' lang='lat' dir='ltr'>entia</span> 
     </span>
     <span class='ocr_line' id='line_1_5' title="bbox 237 782 1193 864; baseline -0.002 -18"><span class='ocrx_word' id='word_1_29' title='bbox 237 783 487 855; x_wconf 80' lang='lat' dir='ltr'>denominative,</span> <span class='ocrx_word' id='word_1_30' title='bbox 515 803 581 845; x_wconf 94' lang='lat' dir='ltr'>non</span> <span class='ocrx_word' id='word_1_31' title='bbox 605 790 716 844; x_wconf 88' lang='lat' dir='ltr'>tamen</span> <span class='ocrx_word' id='word_1_32' title='bbox 731 782 952 864; x_wconf 83' lang='lat' dir='ltr'>quidditative</span> <span class='ocrx_word' id='word_1_33' title='bbox 967 782 999 844; x_wconf 94' lang='lat' dir='ltr'>in</span> <span class='ocrx_word' id='word_1_34' title='bbox 1015 803 1083 844; x_wconf 88' lang='lat' dir='ltr'>esse</span> <span class='ocrx_word' id='word_1_35' title='bbox 1099 783 1193 855; x_wconf 83' lang='lat' dir='ltr'>reali,</span> 
     </span>
     <span class='ocr_line' id='line_1_6' title="bbox 238 889 1200 970; baseline 0 -19"><span class='ocrx_word' id='word_1_36' title='bbox 238 891 294 952; x_wconf 90' lang='lat' dir='ltr'>sed</span> <span class='ocrx_word' id='word_1_37' title='bbox 318 889 349 952; x_wconf 92' lang='lat' dir='ltr'>in</span> <span class='ocrx_word' id='word_1_38' title='bbox 372 909 441 952; x_wconf 89' lang='lat' dir='ltr'>esse</span> <span class='ocrx_word' id='word_1_39' title='bbox 464 889 625 951; x_wconf 92' lang='lat' dir='ltr'>diminuto</span> <span class='ocrx_word' id='word_1_40' title='bbox 648 890 738 970; x_wconf 94' lang='lat' dir='ltr'>quod</span> <span class='ocrx_word' id='word_1_41' title='bbox 762 897 895 951; x_wconf 89' lang='lat' dir='ltr'>vocatur</span> <span class='ocrx_word' id='word_1_42' title='bbox 910 889 1068 970; x_wconf 79' lang='lat' dir='ltr'>formale,</span> <span class='ocrx_word' id='word_1_43' title='bbox 1096 909 1162 951; x_wconf 92' lang='lat' dir='ltr'>non</span> <span class='ocrx_word' id='word_1_44' title='bbox 1179 909 1200 951; x_wconf 89' lang='lat' dir='ltr'>a</span> 
     </span>
     <span class='ocr_line' id='line_1_7' title="bbox 230 974 1199 1078; baseline -0.002 -20"><span class='ocrx_word' id='word_1_45' title='bbox 230 996 346 1078; x_wconf 80' lang='lat' dir='ltr'>forma</span> <span class='ocrx_word' id='word_1_46' title='bbox 369 995 426 1058; x_wconf 90' lang='lat' dir='ltr'>sed</span> <span class='ocrx_word' id='word_1_47' title='bbox 449 1017 469 1057; x_wconf 92' lang='lat' dir='ltr'>a</span> <span class='ocrx_word' id='word_1_48' title='bbox 492 997 592 1058; x_wconf 79' lang='lat' dir='ltr'>ntodo.</span> <span class='ocrx_word' id='word_1_49' title='bbox 605 1031 649 1042; x_wconf 96' lang='lat'>-</span> <span class='ocrx_word' id='word_1_50' title='bbox 661 997 720 1058; x_wconf 84' lang='lat' dir='ltr'>Ad</span> <span class='ocrx_word' id='word_1_51' title='bbox 734 974 923 1068; x_wconf 55' lang='lat' dir='ltr'>recemum,</span> <span class='ocrx_word' id='word_1_52' title='bbox 947 1016 1023 1057; x_wconf 91' lang='lat' dir='ltr'>cum</span> <span class='ocrx_word' id='word_1_53' title='bbox 1040 995 1157 1077; x_wconf 83' lang='lat' dir='ltr'>quaerit</span> <span class='ocrx_word' id='word_1_54' title='bbox 1172 995 1199 1057; x_wconf 90' lang='lat' dir='ltr'>si</span> 
     </span>
     <span class='ocr_line' id='line_1_8' title="bbox 239 1100 1201 1184; baseline -0.002 -19"><span class='ocrx_word' id='word_1_55' title='bbox 239 1102 317 1165; x_wconf 92' lang='lat' dir='ltr'>illud</span> <span class='ocrx_word' id='word_1_56' title='bbox 340 1102 488 1164; x_wconf 87' lang='lat' dir='ltr'>additum</span> <span class='ocrx_word' id='word_1_57' title='bbox 512 1102 553 1164; x_wconf 89' lang='lat' dir='ltr'>sit</span> <span class='ocrx_word' id='word_1_58' title='bbox 575 1123 631 1164; x_wconf 82' lang='lat' dir='ltr'>ens</span> <span class='ocrx_word' id='word_1_59' title='bbox 647 1113 711 1183; x_wconf 81' lang='lat' dir='ltr'>per</span> <span class='ocrx_word' id='word_1_60' title='bbox 730 1123 772 1175; x_wconf 80' lang='lat' dir='ltr'>se,</span> <span class='ocrx_word' id='word_1_61' title='bbox 797 1102 871 1165; x_wconf 91' lang='lat' dir='ltr'>dico</span> <span class='ocrx_word' id='word_1_62' title='bbox 893 1102 983 1184; x_wconf 91' lang='lat' dir='ltr'>quod</span> <span class='ocrx_word' id='word_1_63' title='bbox 1006 1103 1106 1182; x_wconf 80' lang='lat' dir='ltr'>seipso</span> <span class='ocrx_word' id='word_1_64' title='bbox 1137 1100 1201 1163; x_wconf 83' lang='lat' dir='ltr'>sor-</span> 
     </span>
     <span class='ocr_line' id='line_1_9' title="bbox 240 1207 1201 1290; baseline -0.001 -19"><span class='ocrx_word' id='word_1_65' title='bbox 240 1208 365 1271; x_wconf 90' lang='lat' dir='ltr'>maliter</span> <span class='ocrx_word' id='word_1_66' title='bbox 387 1218 435 1271; x_wconf 90' lang='lat' dir='ltr'>est</span> <span class='ocrx_word' id='word_1_67' title='bbox 459 1209 538 1270; x_wconf 90' lang='lat' dir='ltr'>illud</span> <span class='ocrx_word' id='word_1_68' title='bbox 561 1209 649 1290; x_wconf 87' lang='lat' dir='ltr'>quod</span> <span class='ocrx_word' id='word_1_69' title='bbox 667 1218 737 1281; x_wconf 82' lang='lat' dir='ltr'>est,·</span> <span class='ocrx_word' id='word_1_70' title='bbox 762 1217 795 1270; x_wconf 90' lang='lat' dir='ltr'>et</span> <span class='ocrx_word' id='word_1_71' title='bbox 818 1229 893 1270; x_wconf 93' lang='lat' dir='ltr'>cum</span> <span class='ocrx_word' id='word_1_72' title='bbox 918 1207 1031 1270; x_wconf 81' lang='lat' dir='ltr'>infers:</span> <span class='ocrx_word' id='word_1_73' title='bbox 1055 1229 1135 1290; x_wconf 88' lang='lat' dir='ltr'>ergo</span> <span class='ocrx_word' id='word_1_74' title='bbox 1150 1216 1201 1270; x_wconf 88' lang='lat' dir='ltr'>est</span> 
     </span>
     <span class='ocr_line' id='line_1_10' title="bbox 239 1302 1203 1398; baseline -0.003 -20"><span class='ocrx_word' id='word_1_75' title='bbox 239 1336 296 1378; x_wconf 88' lang='lat' dir='ltr'>ens</span> <span class='ocrx_word' id='word_1_76' title='bbox 320 1329 376 1397; x_wconf 88' lang='lat' dir='ltr'>per</span> <span class='ocrx_word' id='word_1_77' title='bbox 399 1313 449 1389; x_wconf 88' lang='lat' dir='ltr'>se;</span> <span class='ocrx_word' id='word_1_78' title='bbox 474 1335 560 1398; x_wconf 87' lang='lat' dir='ltr'>nego</span> <span class='ocrx_word' id='word_1_79' title='bbox 583 1302 865 1396; x_wconf 60' lang='lat' dir='ltr'>consequentiam</span> <span class='ocrx_word' id='word_1_80' title='bbox 891 1316 967 1396; x_wconf 88' lang='lat' dir='ltr'>quia</span> <span class='ocrx_word' id='word_1_81' title='bbox 991 1316 1063 1396; x_wconf 90' lang='lat' dir='ltr'>plus</span> <span class='ocrx_word' id='word_1_82' title='bbox 1086 1314 1203 1398; x_wconf 86' lang='lat' dir='ltr'>accipi-</span> 
     </span>
     <span class='ocr_line' id='line_1_11' title="bbox 239 1422 1202 1503; baseline 0 -19"><span class='ocrx_word' id='word_1_83' title='bbox 239 1423 347 1485; x_wconf 91' lang='lat' dir='ltr'>turin</span> <span class='ocrx_word' id='word_1_84' title='bbox 371 1431 591 1503; x_wconf 83' lang='lat' dir='ltr'>consequente</span> <span class='ocrx_word' id='word_1_85' title='bbox 622 1443 722 1503; x_wconf 90' lang='lat' dir='ltr'>quam</span> <span class='ocrx_word' id='word_1_86' title='bbox 746 1422 778 1483; x_wconf 95' lang='lat' dir='ltr'>in</span> <span class='ocrx_word' id='word_1_87' title='bbox 802 1422 1029 1497; x_wconf 88' lang='lat' dir='ltr'>antecedente;</span> <span class='ocrx_word' id='word_1_88' title='bbox 1054 1422 1086 1484; x_wconf 94' lang='lat' dir='ltr'>in</span> <span class='ocrx_word' id='word_1_89' title='bbox 1110 1431 1202 1484; x_wconf 88' lang='lat' dir='ltr'>ante·</span> 
     </span>
     <span class='ocr_line' id='line_1_12' title="bbox 240 1517 1200 1610; baseline -0.002 -20"><span class='ocrx_word' id='word_1_90' title='bbox 240 1529 375 1591; x_wconf 85' lang='lat' dir='ltr'>cedente</span> <span class='ocrx_word' id='word_1_91' title='bbox 397 1529 485 1590; x_wconf 90' lang='lat' dir='ltr'>enirn</span> <span class='ocrx_word' id='word_1_92' title='bbox 509 1517 665 1610; x_wconf 86' lang='lat' dir='ltr'>accipitur</span> <span class='ocrx_word' id='word_1_93' title='bbox 689 1527 866 1590; x_wconf 86' lang='lat' dir='ltr'>formalitas</span> <span class='ocrx_word' id='word_1_94' title='bbox 883 1529 1016 1609; x_wconf 87' lang='lat' dir='ltr'>praecise</span> <span class='ocrx_word' id='word_1_95' title='bbox 1031 1549 1106 1610; x_wconf 86' lang='lat' dir='ltr'>quae</span> <span class='ocrx_word' id='word_1_96' title='bbox 1124 1527 1200 1590; x_wconf 93' lang='lat' dir='ltr'>nihil</span> 
     </span>
     <span class='ocr_line' id='line_1_13' title="bbox 240 1634 1202 1717; baseline -0.001 -20"><span class='ocrx_word' id='word_1_97' title='bbox 240 1635 327 1697; x_wconf 89' lang='lat' dir='ltr'>aliud</span> <span class='ocrx_word' id='word_1_98' title='bbox 351 1643 400 1696; x_wconf 93' lang='lat' dir='ltr'>est</span> <span class='ocrx_word' id='word_1_99' title='bbox 424 1656 525 1716; x_wconf 90' lang='lat' dir='ltr'>quam</span> <span class='ocrx_word' id='word_1_100' title='bbox 543 1635 696 1717; x_wconf 87' lang='lat' dir='ltr'>ipsamet;</span> <span class='ocrx_word' id='word_1_101' title='bbox 713 1644 745 1697; x_wconf 94' lang='lat' dir='ltr'>et</span> <span class='ocrx_word' id='word_1_102' title='bbox 760 1656 803 1697; x_wconf 89' lang='lat' dir='ltr'>ex</span> <span class='ocrx_word' id='word_1_103' title='bbox 820 1635 880 1697; x_wconf 86' lang='lat' dir='ltr'>ista</span> <span class='ocrx_word' id='word_1_104' title='bbox 895 1635 1126 1717; x_wconf 84' lang='lat' dir='ltr'>praedicatione</span> <span class='ocrx_word' id='word_1_105' title='bbox 1142 1634 1202 1696; x_wconf 85' lang='lat' dir='ltr'>for·</span> 
     </span>
     <span class='ocr_line' id='line_1_14' title="bbox 242 1740 1059 1814; baseline 0 -11"><span class='ocrx_word' id='word_1_106' title='bbox 242 1741 317 1804; x_wconf 89' lang='lat' dir='ltr'>mali</span> <span class='ocrx_word' id='word_1_107' title='bbox 341 1740 436 1803; x_wconf 83' lang='lat' dir='ltr'>insert</span> <span class='ocrx_word' id='word_1_108' title='bbox 459 1742 626 1814; x_wconf 86' lang='lat' dir='ltr'>entitatem</span> <span class='ocrx_word' id='word_1_109' title='bbox 652 1742 694 1803; x_wconf 87' lang='lat' dir='ltr'>ibi</span> <span class='ocrx_word' id='word_1_110' title='bbox 719 1743 842 1804; x_wconf 84' lang='lat' dir='ltr'>realiter</span> <span class='ocrx_word' id='word_1_111' title='bbox 866 1742 1059 1805; x_wconf 87' lang='lat' dir='ltr'>absolutam.</span> 
     </span>
    </p>

    <p class='ocr_par' dir='ltr' id='par_1_3' title="bbox 242 1844 1208 2550">
     <span class='ocr_line' id='line_1_15' title="bbox 307 1844 1206 1934; baseline 0 -24"><span class='ocrx_word' id='word_1_112' title='bbox 307 1845 360 1934; x_wconf 87' lang='lat'>[2]</span> <span class='ocrx_word' id='word_1_113' title='bbox 385 1844 450 1916; x_wconf 73' lang='lat' dir='ltr'>Ad</span> <span class='ocrx_word' id='word_1_114' title='bbox 466 1847 642 1933; x_wconf 80' lang='lat' dir='ltr'>primum</span> <span class='ocrx_word' id='word_1_115' title='bbox 662 1845 696 1915; x_wconf 87' lang='lat' dir='ltr'><em>T</em></span> <span class='ocrx_word' id='word_1_116' title='bbox 690 1845 813 1916; x_wconf 74' lang='lat' dir='ltr'>mmo</span> <span class='ocrx_word' id='word_1_117' title='bbox 824 1851 897 1911; x_wconf 90' lang='lat' dir='ltr'>dico</span> <span class='ocrx_word' id='word_1_118' title='bbox 913 1870 970 1931; x_wconf 83' lang='lat' dir='ltr'>per</span> <span class='ocrx_word' id='word_1_119' title='bbox 986 1849 1206 1930; x_wconf 77' lang='lat' dir='ltr'>interemptio</span> 
     </span>
     <span class='ocr_line' id='line_1_16' title="bbox 242 1954 1204 2038; baseline 0 -21"><span class='ocrx_word' id='word_1_120' title='bbox 242 1975 316 2018; x_wconf 92' lang='lat' dir='ltr'>nem</span> <span class='ocrx_word' id='word_1_121' title='bbox 334 1954 490 2038; x_wconf 72' lang='lat' dir='ltr'>majoris:</span> <span class='ocrx_word' id='word_1_122' title='bbox 516 1976 592 2017; x_wconf 92' lang='lat' dir='ltr'>nam</span> <span class='ocrx_word' id='word_1_123' title='bbox 616 1955 663 2017; x_wconf 92' lang='lat' dir='ltr'>sol</span> <span class='ocrx_word' id='word_1_124' title='bbox 688 1956 839 2037; x_wconf 90' lang='lat' dir='ltr'>producit</span> <span class='ocrx_word' id='word_1_125' title='bbox 869 1957 1013 2036; x_wconf 85' lang='lat' dir='ltr'>plantam</span> <span class='ocrx_word' id='word_1_126' title='bbox 1037 1975 1113 2036; x_wconf 86' lang='lat' dir='ltr'>quae</span> <span class='ocrx_word' id='word_1_127' title='bbox 1137 1975 1204 2017; x_wconf 94' lang='lat' dir='ltr'>non</span> 
     </span>
     <span class='ocr_line' id='line_1_17' title="bbox 242 2059 1207 2135; baseline -0.002 -11"><span class='ocrx_word' id='word_1_128' title='bbox 242 2061 339 2124; x_wconf 88' lang='lat' dir='ltr'>habet</span> <span class='ocrx_word' id='word_1_129' title='bbox 366 2061 503 2123; x_wconf 89' lang='lat' dir='ltr'>similem</span> <span class='ocrx_word' id='word_1_130' title='bbox 535 2059 674 2123; x_wconf 87' lang='lat' dir='ltr'>formam</span> <span class='ocrx_word' id='word_1_131' title='bbox 705 2082 779 2123; x_wconf 89' lang='lat' dir='ltr'>curn</span> <span class='ocrx_word' id='word_1_132' title='bbox 804 2063 879 2135; x_wconf 90' lang='lat' dir='ltr'>sole,</span> <span class='ocrx_word' id='word_1_133' title='bbox 904 2070 1069 2123; x_wconf 87' lang='lat' dir='ltr'>ettamen</span> <span class='ocrx_word' id='word_1_134' title='bbox 1093 2061 1207 2122; x_wconf 92' lang='lat' dir='ltr'>univo-</span> 
     </span>
     <span class='ocr_line' id='line_1_18' title="bbox 242 2167 1205 2250; baseline -0.001 -20"><span class='ocrx_word' id='word_1_135' title='bbox 242 2175 356 2230; x_wconf 87' lang='lat' dir='ltr'>cantur</span> <span class='ocrx_word' id='word_1_136' title='bbox 379 2167 615 2230; x_wconf 86' lang='lat' dir='ltr'>insubstantia.</span> <span class='ocrx_word' id='word_1_137' title='bbox 642 2167 686 2229; x_wconf 89' lang='lat' dir='ltr'>Et</span> <span class='ocrx_word' id='word_1_138' title='bbox 710 2169 734 2229; x_wconf 86' lang='lat' dir='ltr'>si</span> <span class='ocrx_word' id='word_1_139' title='bbox 752 2170 859 2250; x_wconf 68' lang='lat' dir='ltr'>rumor</span> <span class='ocrx_word' id='word_1_140' title='bbox 873 2168 925 2229; x_wconf 91' lang='lat' dir='ltr'>illa</span> <span class='ocrx_word' id='word_1_141' title='bbox 946 2168 1044 2230; x_wconf 90' lang='lat' dir='ltr'>habet</span> <span class='ocrx_word' id='word_1_142' title='bbox 1060 2169 1205 2249; x_wconf 90' lang='lat' dir='ltr'>aliquam</span> 
     </span>
     <span class='ocr_line' id='line_1_19' title="bbox 243 2274 1208 2357; baseline 0 -21"><span class='ocrx_word' id='word_1_143' title='bbox 243 2274 514 2357; x_wconf 84' lang='lat' dir='ltr'>probabilitatem,</span> <span class='ocrx_word' id='word_1_144' title='bbox 540 2295 604 2336; x_wconf 92' lang='lat' dir='ltr'>non</span> <span class='ocrx_word' id='word_1_145' title='bbox 629 2282 739 2337; x_wconf 88' lang='lat' dir='ltr'>tamen</span> <span class='ocrx_word' id='word_1_146' title='bbox 755 2284 805 2336; x_wconf 90' lang='lat' dir='ltr'>est</span> <span class='ocrx_word' id='word_1_147' title='bbox 820 2295 904 2348; x_wconf 88' lang='lat' dir='ltr'>vera,</span> <span class='ocrx_word' id='word_1_148' title='bbox 922 2274 981 2336; x_wconf 90' lang='lat' dir='ltr'>nisi</span> <span class='ocrx_word' id='word_1_149' title='bbox 998 2275 1039 2337; x_wconf 93' lang='lat' dir='ltr'>de</span> <span class='ocrx_word' id='word_1_150' title='bbox 1056 2275 1208 2336; x_wconf 89' lang='lat' dir='ltr'>univoca·</span> 
     </span>
     <span class='ocr_line' id='line_1_20' title="bbox 242 2379 1207 2463; baseline 0.001 -21"><span class='ocrx_word' id='word_1_151' title='bbox 242 2382 330 2443; x_wconf 88' lang='lat' dir='ltr'>tione</span> <span class='ocrx_word' id='word_1_152' title='bbox 345 2379 491 2463; x_wconf 81' lang='lat' dir='ltr'>specifico</span> <span class='ocrx_word' id='word_1_153' title='bbox 515 2391 546 2443; x_wconf 91' lang='lat' dir='ltr'>et</span> <span class='ocrx_word' id='word_1_154' title='bbox 570 2381 663 2453; x_wconf 82' lang='lat' dir='ltr'>reali,</span> <span class='ocrx_word' id='word_1_155' title='bbox 692 2382 795 2462; x_wconf 89' lang='lat' dir='ltr'>qualis</span> <span class='ocrx_word' id='word_1_156' title='bbox 819 2403 883 2443; x_wconf 94' lang='lat' dir='ltr'>non</span> <span class='ocrx_word' id='word_1_157' title='bbox 901 2381 1032 2462; x_wconf 90' lang='lat' dir='ltr'>ponitur</span> <span class='ocrx_word' id='word_1_158' title='bbox 1055 2382 1207 2443; x_wconf 91' lang='lat' dir='ltr'>univoca-</span> 
     </span>
     <span class='ocr_line' id='line_1_21' title="bbox 244 2487 396 2550; baseline 0 -2"><span class='ocrx_word' id='word_1_159' title='bbox 244 2488 289 2550; x_wconf 91' lang='lat' dir='ltr'>tio</span> <span class='ocrx_word' id='word_1_160' title='bbox 305 2487 396 2550; x_wconf 89' lang='lat' dir='ltr'>entis.</span> 
     </span>
    </p>

    <p class='ocr_par' dir='ltr' id='par_1_4' title="bbox 244 2590 1209 3101">
     <span class='ocr_line' id='line_1_22' title="bbox 311 2590 1206 2680; baseline 0.001 -24"><span class='ocrx_word' id='word_1_161' title='bbox 311 2590 362 2680; x_wconf 87' lang='lat'>[3]</span> <span class='ocrx_word' id='word_1_162' title='bbox 373 2594 416 2656; x_wconf 89' lang='lat' dir='ltr'>Et</span> <span class='ocrx_word' id='word_1_163' title='bbox 432 2595 536 2656; x_wconf 78' lang='lat' dir='ltr'>eodem</span> <span class='ocrx_word' id='word_1_164' title='bbox 555 2595 644 2656; x_wconf 67' lang='lat' dir='ltr'>rizodo</span> <span class='ocrx_word' id='word_1_165' title='bbox 659 2595 708 2656; x_wconf 84' lang='lat' dir='ltr'>ad</span> <span class='ocrx_word' id='word_1_166' title='bbox 719 2594 823 2657; x_wconf 78' lang='lat' dir='ltr'>aliud.</span> <span class='ocrx_word' id='word_1_167' title='bbox 842 2594 996 2658; x_wconf 85' lang='lat' dir='ltr'>Concedo</span> <span class='ocrx_word' id='word_1_168' title='bbox 1012 2594 1099 2656; x_wconf 89' lang='lat' dir='ltr'>enim</span> <span class='ocrx_word' id='word_1_169' title='bbox 1115 2595 1206 2675; x_wconf 92' lang='lat' dir='ltr'>quod</span> 
     </span>
     <span class='ocr_line' id='line_1_23' title="bbox 244 2700 1206 2782; baseline 0.001 -20"><span class='ocrx_word' id='word_1_170' title='bbox 244 2701 296 2762; x_wconf 88' lang='lat' dir='ltr'>illa</span> <span class='ocrx_word' id='word_1_171' title='bbox 312 2721 386 2782; x_wconf 85' lang='lat' dir='ltr'>quae</span> <span class='ocrx_word' id='word_1_172' title='bbox 404 2722 468 2762; x_wconf 92' lang='lat' dir='ltr'>non</span> <span class='ocrx_word' id='word_1_173' title='bbox 487 2700 607 2762; x_wconf 83' lang='lat' dir='ltr'>habent</span> <span class='ocrx_word' id='word_1_174' title='bbox 623 2701 824 2763; x_wconf 89' lang='lat' dir='ltr'>consimilem</span> <span class='ocrx_word' id='word_1_175' title='bbox 843 2702 979 2763; x_wconf 91' lang='lat' dir='ltr'>modum</span> <span class='ocrx_word' id='word_1_176' title='bbox 996 2702 1121 2764; x_wconf 89' lang='lat' dir='ltr'>essendi</span> <span class='ocrx_word' id='word_1_177' title='bbox 1137 2721 1206 2764; x_wconf 91' lang='lat' dir='ltr'>non</span> 
     </span>
     <span class='ocr_line' id='line_1_24' title="bbox 245 2803 1206 2888; baseline 0 -19"><span class='ocrx_word' id='word_1_178' title='bbox 245 2807 459 2869; x_wconf 87' lang='lat' dir='ltr'>univocantur</span> <span class='ocrx_word' id='word_1_179' title='bbox 484 2807 710 2870; x_wconf 85' lang='lat' dir='ltr'>univocatione</span> <span class='ocrx_word' id='word_1_180' title='bbox 741 2807 890 2888; x_wconf 86' lang='lat' dir='ltr'>specifica</span> <span class='ocrx_word' id='word_1_181' title='bbox 921 2808 1014 2880; x_wconf 82' lang='lat' dir='ltr'>reali,</span> <span class='ocrx_word' id='word_1_182' title='bbox 1034 2803 1106 2870; x_wconf 84' lang='lat' dir='ltr'>¹sed</span> <span class='ocrx_word' id='word_1_183' title='bbox 1138 2827 1206 2870; x_wconf 93' lang='lat' dir='ltr'>non</span> 
     </span>
     <span class='ocr_line' id='line_1_25' title="bbox 244 2913 1209 2996; baseline 0.002 -22"><span class='ocrx_word' id='word_1_184' title='bbox 244 2923 406 2996; x_wconf 85' lang='lat' dir='ltr'>repugnat</span> <span class='ocrx_word' id='word_1_185' title='bbox 428 2913 472 2976; x_wconf 88' lang='lat' dir='ltr'>eis</span> <span class='ocrx_word' id='word_1_186' title='bbox 497 2913 683 2976; x_wconf 86' lang='lat' dir='ltr'>univocatio</span> <span class='ocrx_word' id='word_1_187' title='bbox 706 2915 935 2976; x_wconf 82' lang='lat' dir='ltr'>transcendens</span> <span class='ocrx_word' id='word_1_188' title='bbox 952 2935 1009 2995; x_wconf 88' lang='lat' dir='ltr'>per</span> <span class='ocrx_word' id='word_1_189' title='bbox 1025 2914 1209 2976; x_wconf 81' lang='lat' dir='ltr'>indifferen-</span> 
     </span>
     <span class='ocr_line' id='line_1_26' title="bbox 245 3013 1191 3101; baseline 0.001 -20"><span class='ocrx_word' id='word_1_190' title='bbox 245 3021 324 3082; x_wconf 88' lang='lat' dir='ltr'>tiam</span> <span class='ocrx_word' id='word_1_191' title='bbox 350 3020 438 3082; x_wconf 89' lang='lat' dir='ltr'>modi</span> <span class='ocrx_word' id='word_1_192' title='bbox 462 3019 675 3101; x_wconf 89' lang='lat' dir='ltr'>concipiendi.</span> <span class='ocrx_word' id='word_1_193' title='bbox 1187 3013 1191 3023; x_wconf 81' lang='grc'>’</span> 
     </span>
    </p>

    <p class='ocr_par' dir='ltr' id='par_1_5' title="bbox 246 3123 1211 3530">
     <span class='ocr_line' id='line_1_27' title="bbox 311 3123 1210 3216; baseline 0.002 -28"><span class='ocrx_word' id='word_1_194' title='bbox 311 3123 364 3212; x_wconf 89' lang='grc'>[4]</span> <span class='ocrx_word' id='word_1_195' title='bbox 388 3127 446 3189; x_wconf 83' lang='lat' dir='ltr'>Ad</span> <span class='ocrx_word' id='word_1_196' title='bbox 466 3127 565 3189; x_wconf 82' lang='lat' dir='ltr'>aliud</span> <span class='ocrx_word' id='word_1_197' title='bbox 585 3127 658 3189; x_wconf 91' lang='lat' dir='ltr'>dico</span> <span class='ocrx_word' id='word_1_198' title='bbox 683 3127 772 3216; x_wconf 84' lang='lat' dir='ltr'>quod</span> <span class='ocrx_word' id='word_1_199' title='bbox 797 3126 870 3190; x_wconf 90' lang='lat' dir='ltr'>licet</span> <span class='ocrx_word' id='word_1_200' title='bbox 893 3127 925 3189; x_wconf 94' lang='lat' dir='ltr'>in</span> <span class='ocrx_word' id='word_1_201' title='bbox 946 3149 980 3189; x_wconf 85' lang='lat' dir='ltr'>re</span> <span class='ocrx_word' id='word_1_202' title='bbox 1003 3127 1082 3190; x_wconf 92' lang='lat' dir='ltr'>nihil</span> <span class='ocrx_word' id='word_1_203' title='bbox 1106 3127 1210 3209; x_wconf 84' lang='lat' dir='ltr'>possit</span> 
     </span>
     <span class='ocr_line' id='line_1_28' title="bbox 246 3232 1211 3316; baseline 0.001 -21"><span class='ocrx_word' id='word_1_204' title='bbox 246 3254 313 3295; x_wconf 89' lang='lat' dir='ltr'>esse</span> <span class='ocrx_word' id='word_1_205' title='bbox 337 3233 512 3316; x_wconf 87' lang='lat' dir='ltr'>simplicius</span> <span class='ocrx_word' id='word_1_206' title='bbox 539 3232 621 3309; x_wconf 82' lang='lat' dir='ltr'>Dee,</span> <span class='ocrx_word' id='word_1_207' title='bbox 646 3243 756 3296; x_wconf 91' lang='lat' dir='ltr'>tamen</span> <span class='ocrx_word' id='word_1_208' title='bbox 774 3254 839 3297; x_wconf 94' lang='lat' dir='ltr'>non</span> <span class='ocrx_word' id='word_1_209' title='bbox 855 3243 904 3296; x_wconf 91' lang='lat' dir='ltr'>est</span> <span class='ocrx_word' id='word_1_210' title='bbox 920 3234 1148 3297; x_wconf 87' lang='lat' dir='ltr'>inconveniens</span> <span class='ocrx_word' id='word_1_211' title='bbox 1163 3253 1211 3296; x_wconf 86' lang='lat' dir='ltr'>se·</span> 
     </span>
     <span class='ocr_line' id='line_1_29' title="bbox 246 3321 1211 3422; baseline 0.001 -20"><span class='ocrx_word' id='word_1_212' title='bbox 246 3340 392 3402; x_wconf 90' lang='lat' dir='ltr'>cundum</span> <span class='ocrx_word' id='word_1_213' title='bbox 415 3340 615 3402; x_wconf 89' lang='lat' dir='ltr'>intellectum</span> <span class='ocrx_word' id='word_1_214' title='bbox 640 3321 840 3404; x_wconf 86' lang='lat' dir='ltr'>abstractum</span> <span class='ocrx_word' id='word_1_215' title='bbox 863 3362 932 3403; x_wconf 91' lang='lat' dir='ltr'>esse</span> <span class='ocrx_word' id='word_1_216' title='bbox 959 3342 1100 3422; x_wconf 88' lang='lat' dir='ltr'>aliquem</span> <span class='ocrx_word' id='word_1_217' title='bbox 1131 3361 1211 3403; x_wconf 91' lang='lat' dir='ltr'>con·</span> 
     </span>
     <span class='ocr_line' id='line_1_30' title="bbox 247 3446 1156 3530; baseline 0.002 -23"><span class='ocrx_word' id='word_1_218' title='bbox 247 3454 379 3527; x_wconf 92' lang='lat' dir='ltr'>ceptum</span> <span class='ocrx_word' id='word_1_219' title='bbox 411 3446 685 3528; x_wconf 89' lang='lat' dir='ltr'>simplicissimum</span> <span class='ocrx_word' id='word_1_220' title='bbox 708 3467 775 3530; x_wconf 90' lang='lat' dir='ltr'>quo</span> <span class='ocrx_word' id='word_1_221' title='bbox 799 3447 876 3510; x_wconf 93' lang='lat' dir='ltr'>nihil</span> <span class='ocrx_word' id='word_1_222' title='bbox 899 3455 948 3509; x_wconf 88' lang='lat' dir='ltr'>est</span> <span class='ocrx_word' id='word_1_223' title='bbox 970 3446 1156 3529; x_wconf 89' lang='lat' dir='ltr'>simplicius.</span> 
     </span>
    </p>

    <p class='ocr_par' dir='ltr' id='par_1_6' title="bbox 247 3549 1214 3742">
     <span class='ocr_line' id='line_1_31' title="bbox 314 3549 1212 3639; baseline 0.003 -25"><span class='ocrx_word' id='word_1_224' title='bbox 314 3549 366 3639; x_wconf 83' lang='lat'>[5]</span> <span class='ocrx_word' id='word_1_225' title='bbox 389 3553 448 3615; x_wconf 82' lang='lat' dir='ltr'>Ad</span> <span class='ocrx_word' id='word_1_226' title='bbox 467 3553 566 3617; x_wconf 84' lang='lat' dir='ltr'>aliud</span> <span class='ocrx_word' id='word_1_227' title='bbox 587 3553 659 3616; x_wconf 90' lang='lat' dir='ltr'>dico</span> <span class='ocrx_word' id='word_1_228' title='bbox 684 3554 773 3635; x_wconf 92' lang='lat' dir='ltr'>quod</span> <span class='ocrx_word' id='word_1_229' title='bbox 796 3575 853 3617; x_wconf 85' lang='lat' dir='ltr'>ens</span> <span class='ocrx_word' id='word_1_230' title='bbox 876 3551 992 3616; x_wconf 88' lang='lat' dir='ltr'>dicitur</span> <span class='ocrx_word' id='word_1_231' title='bbox 1015 3554 1056 3616; x_wconf 88' lang='lat' dir='ltr'>de</span> <span class='ocrx_word' id='word_1_232' title='bbox 1079 3554 1212 3617; x_wconf 91' lang='lat' dir='ltr'>entibus</span> 
     </span>
     <span class='ocr_line' id='line_1_32' title="bbox 247 3659 1214 3742; baseline 0.002 -20"><span class='ocrx_word' id='word_1_233' title='bbox 247 3659 427 3722; x_wconf 88' lang='lat' dir='ltr'>secundum</span> <span class='ocrx_word' id='word_1_234' title='bbox 445 3659 543 3740; x_wconf 83' lang='lat' dir='ltr'>privs</span> <span class='ocrx_word' id='word_1_235' title='bbox 566 3667 599 3722; x_wconf 92' lang='lat' dir='ltr'>et</span> <span class='ocrx_word' id='word_1_236' title='bbox 617 3661 777 3741; x_wconf 81' lang='lat' dir='ltr'>posterius</span> <span class='ocrx_word' id='word_1_237' title='bbox 805 3669 966 3742; x_wconf 89' lang='lat' dir='ltr'>quantum</span> <span class='ocrx_word' id='word_1_238' title='bbox 997 3661 1040 3723; x_wconf 89' lang='lat' dir='ltr'>ad</span> <span class='ocrx_word' id='word_1_239' title='bbox 1071 3660 1214 3724; x_wconf 88' lang='lat' dir='ltr'>rationes</span> 
     </span>
    </p>
   </div>
   <div class='ocr_carea' id='block_1_3' title="bbox 0 0 1361 4209">
    <p class='ocr_par' dir='ltr' id='par_1_7' title="bbox 0 0 1361 4209">
     <span class='ocr_line' id='line_1_33' title="bbox 0 0 1361 4209; baseline 0 0"><span class='ocrx_word' id='word_1_240' title='bbox 0 0 1361 4209; x_wconf 95' lang='lat' dir='ltr'> </span> 
     </span>
    </p>
   </div>
   <div class='ocr_carea' id='block_1_4' title="bbox 1336 0 1347 1369">
    <p class='ocr_par' dir='ltr' id='par_1_8' title="bbox 1336 0 1347 1369">
     <span class='ocr_line' id='line_1_34' title="bbox 1336 0 1347 1369; baseline 0 0"><span class='ocrx_word' id='word_1_241' title='bbox 1336 0 1347 1369; x_wconf 95' lang='lat' dir='ltr'> </span> 
     </span>
    </p>
   </div>
  </div>
 </body>
</html>
