2684 4209
405 282 591 351 Dlsnucr.
616 289 662 351 ΙΙΙ
687 286 837 373 QUAETS.
865 289 914 352 IV
1087 308 1143 354 111

268 492 327 554 Ad
347 491 514 565 ultimum,
543 493 616 555 dico
639 493 729 576 quod
761 492 940 556 intellectus
970 504 1019 556 est
1049 495 1082 556 in
1113 515 1171 578 po-

197 599 302 660 tentia
321 598 430 680 primo
453 609 521 661 tam
545 601 587 662 ad
611 601 752 682 speciem
776 621 876 682 quarn
900 601 941 663 ad
965 609 1087 675 actum,
1104 601 1162 664 dil-

202 703 338 768 serenter
361 715 482 778 tamen,
506 707 582 788 quia
606 706 638 769 in
662 707 848 790 cognitione
872 707 1043 780 intuitiva,
1071 709 1162 770 intel-

202 813 304 874 lectus
327 823 376 875 est
408 814 514 894 primo
546 814 577 876 in
609 814 755 895 potentia
785 815 828 875 ad
858 823 969 876 actum
991 815 1167 895 primitata

192 920 429 1001 garreratiora's,
458 929 490 982 et
513 930 560 984 est
584 921 617 982 in
641 921 786 1002 potentia
809 921 852 982 ad
875 921 1017 1002 speciem
1043 921 1163 1002 prr'rni·

203 1036 267 1088 tata
283 1027 515 1108 persectz'onis,·
540 1027 571 1088 in
595 1027 783 1109 cognitione
805 1036 916 1090 autem
944 1027 1156 1101 abstractiva,

200 1151 218 1193 e
240 1153 411 1206 converso,
436 1133 512 1215 quia
536 1133 716 1196 intellectus
739 1143 788 1195 est
811 1133 843 1195 in
867 1135 1013 1216 potentia
1030 1136 1072 1197 ad
1088 1157 1158 1216 spe-

195 1239 280 1302 ciem
306 1240 469 1322 primitate
488 1240 722 1322 generationis,
750 1241 826 1323 quia
849 1242 971 1322 species
992 1242 1160 1323 praecedit,

195 1355 231 1408 et
255 1347 372 1409 deinde
395 1347 539 1430 sequitur
562 1357 664 1409 actus,

265 1561 326 1622 Ao
350 1575 494 1624 Parnon
519 1574 736 1623 perverenat:
752 1561 869 1623 dicitur
884 1561 1064 1642 tripliciter:
1082 1562 1160 1623 Pri-

198 1688 248 1728 rno
271 1669 452 1730 secundum
476 1668 641 1730 Thomam
665 1668 756 1748 quod
783 1677 1088 1749 quantumcumque
1118 1669 1159 1731 sit

195 1774 319 1855 species
342 1775 374 1836 in
398 1775 572 1848 intellectu,
597 1774 705 1836 adhuc
733 1784 862 1856 oportet
893 1776 983 1856 quod
1015 1775 1158 1837 intellec-

196 1888 249 1942 tus
271 1890 439 1943 convertat
462 1902 496 1944 se
519 1881 561 1942 ad
585 1881 823 1963 phantasmata,
847 1882 923 1962 quia
957 1881 1100 1962 primum
1125 1903 1157 1944 o

196 1986 340 2067 bjectum
364 1988 543 2050 intellectus
567 1989 732 2068 conjuncti
755 1996 804 2050 est
827 1987 991 2068 quidditas
1015 1988 1058 2049 rei
1084 2009 1152 2050 ma-

194 2094 320 2166 terialis,
345 2081 420 2176 qua
445 2115 510 2157 non
534 2104 582 2156 est
605 2095 664 2157 nisi
689 2094 721 2156 in
745 2094 807 2156 hoc
831 2095 880 2156 vel
905 2095 937 2156 in
963 2093 1025 2156 hoc
1041 2095 1151 2176 singu-

195 2199 260 2274 lari,
293 2210 327 2262 et
356 2201 432 2282 quia
463 2201 658 2282 phantasma
689 2209 737 2262 est
768 2222 824 2283 per
860 2222 894 2263 se
929 2201 1153 2282 singularium,
1227 2201 1232 2210 ’

194 2306 266 2370 ideo
293 2317 342 2370 est
373 2309 549 2370 necessaria
580 2308 747 2370 conversio
778 2309 819 2369 ad
851 2307 1090 2389 phantasmata.
1109 2345 1154 2353 -

198 2411 318 2477 Contra
341 2413 398 2476 lroc
422 2415 581 2495 objicitur,
605 2415 683 2496 quia
712 2415 892 2477 intellectus
923 2435 989 2476 non
1020 2423 1150 2477 tantum

191 2520 341 2602 intelligit
363 2522 534 2603 singulare,
560 2523 662 2583 immo
690 2522 870 2583 secundum
905 2522 1012 2602 ipsum
1045 2521 1153 2601 primo

191 2627 340 2708 intelligit
364 2629 555 2699 universale;
580 2629 635 2690 sed
661 2629 840 2691 universale
856 2629 1037 2689 secundum
1053 2648 1149 2689 suam

190 2734 435 2807 indifferentiam
460 2756 525 2797 non
550 2737 756 2818 cognoscitur
780 2736 811 2796 in
829 2734 1022 2816 particulari,
1041 2743 1076 2796 ut
1095 2734 1149 2807 sic;

189 2861 269 2922 ergo
293 2861 358 2902 non
382 2851 430 2903 est
454 2843 629 2903 necessaria
653 2843 820 2903 conversio
848 2843 890 2902 ad
922 2841 1151 2922 phantasmata

188 2949 313 3010 ratione
335 2948 515 3030 singularis.
532 2985 575 2994 -
591 2949 765 3019 Prataraa,
793 2949 937 3029 sequitur
960 2948 1051 3028 quod
1076 2947 1146 3009 An·

188 3056 280 3136 gelus
304 3075 369 3117 non
394 3065 503 3136 posset
526 3056 703 3137 intelligere
726 3056 896 3136 singulare,
922 3075 997 3116 cum
1023 3055 1054 3115 in
1079 3055 1149 3134 ipso

190 3181 255 3223 non
280 3161 320 3223 sit
337 3161 540 3243 phantasma.
558 3199 601 3208 -
618 3164 696 3224 Ideo
713 3162 829 3225 Scotus
845 3163 922 3223 dicit
938 3161 1038 3233 aliter,
1056 3161 1147 3242 quod

186 3287 285 3330 causa
307 3269 526 3331 conversionis
553 3269 733 3331 intellectus
764 3270 805 3330 ad
837 3268 1067 3350 phantasmata
1099 3278 1148 3329 est

186 3373 324 3456 duplex:
350 3397 414 3438 una
438 3385 485 3438 est
508 3375 719 3457 conformitas
742 3377 979 3457 operationum,
1004 3375 1066 3436 alia
1096 3383 1145 3435 est

184 3482 373 3544 assastantia
397 3483 577 3564 utriusque;
602 3502 679 3544 nam
703 3483 824 3563 species
848 3482 1054 3562 intelligibilis
1077 3481 1146 3543 abs-

186 3587 323 3650 trahitur
347 3610 365 3650 a
390 3589 627 3671 phantasmate,
653 3598 689 3651 ut
712 3599 786 3651 actu
818 3610 875 3671 per
906 3589 1013 3669 ipsum
1046 3587 1146 3670 phan-

184 3695 278 3757 tasiet
302 3695 468 3777 objectum
486 3696 678 3778 particulare
695 3696 883 3778 phantasia.
901 3731 945 3742 -
961 3695 1038 3757 Alio
1054 3695 1146 3755 rnodo
