2684 4209
355 267 541 330 Disrmcr.
566 266 644 331 XIII
670 267 816 348 Qunsr.
841 269 855 330 I
1027 282 1089 347 207

148 473 225 534 uitae
251 493 398 554 personae
422 472 453 534 in
485 471 609 547 divinis,
641 473 718 554 quia
750 481 859 555 posset
889 473 967 554 poni
998 483 1114 555 quarta

146 599 289 661 persona
312 600 331 641 a
354 579 458 641 tribus
481 589 513 642 et
536 580 649 660 quinta
673 602 691 642 a
716 589 841 662 quarta,
866 589 898 642 et
922 581 966 642 sic
990 582 1022 643 in
1046 579 1114 642 infi-

149 687 266 748 nitum.
292 721 336 733 -
358 685 531 760 Proeterem
556 687 662 748 omnis
686 687 864 750 differentia
885 687 1048 750 reducitur
1071 688 1113 749 ad

148 793 258 873 aliqua
286 792 392 874 primo
422 793 559 866 diversa,
591 814 666 874 quae
698 803 775 856 sunt
806 794 957 856 distincta
980 795 1114 856 circum·

147 900 269 982 scripto
301 899 390 961 omni
425 899 505 975 alio;
537 899 594 962 sed
629 900 873 982 circumscripta
910 901 1033 963 unitate
1063 902 1113 962 vel

148 1005 307 1068 dualitate
330 1006 572 1087 suppositorum
599 1027 663 1070 non
693 1007 820 1069 videtur
850 1007 940 1088 quod
972 1007 1024 1068 illa
1048 1008 1115 1068 uni-

146 1122 199 1176 tas
229 1113 280 1175 vel
312 1113 476 1194 pluralitas
507 1114 548 1176 sit
579 1115 659 1176 ratio
690 1114 911 1196 distinguendi
942 1133 1097 1196 personas
1105 1133 1113 1189 ;

139 1240 237 1302 ergo.

215 1323 302 1394 Ideo
324 1328 380 1393 est
400 1323 481 1393 alla
505 1323 633 1412 opinio
666 1326 757 1408 quod
788 1328 850 1390 illae
885 1327 1115 1408 productiones

146 1433 394 1516 distinguuntur
419 1453 518 1515 penes
541 1434 861 1515 compossibilitatem
877 1443 910 1497 et
933 1434 1116 1515 incompos-

144 1540 345 1614 sibilitatem‚
369 1539 444 1621 quia
469 1540 614 1621 generari
637 1549 701 1602 stat
716 1561 793 1604 cum
817 1540 937 1622 spirare
959 1540 1042 1602 sicut
1062 1561 1116 1622 pa-

145 1655 196 1710 tet
219 1647 252 1709 in
276 1646 460 1708 Filio:·sed
484 1647 595 1728 spirari
620 1668 685 1709 non
708 1656 772 1710 stat
795 1667 871 1710 cum
904 1667 1058 1729 generare
1081 1647 1113 1709 in

150 1753 274 1835 Spiritu
300 1751 430 1816 Sancto,

222 1858 342 1923 Contra
373 1859 461 1922 illam
494 1860 682 1941 opinionem
713 1861 858 1943 arguitur
888 1859 970 1922 sicut
1002 1869 1115 1922 contra
1144 1869 1147 1877 '

150 1966 391 2050 praecedentem
415 1987 473 2048 per
496 1966 564 2029 duo
588 1967 702 2030 ultima
732 1976 936 2049 argumenta.
968 1967 1013 2028 Et
1036 1987 1116 2048 prae-

149 2082 238 2136 terea
261 2082 390 2154 oportet
413 2073 577 2156 assignare
601 2074 759 2136 rationem
784 2073 881 2154 hujus
904 2072 1116 2155 compossibi-

151 2180 248 2243 litatis
271 2188 304 2243 et
326 2180 664 2262 incompossibilitatis.

216 2283 303 2354 Ideo
324 2289 381 2353 est
401 2284 482 2353 olz‘o
512 2285 641 2371 opinio
671 2288 761 2369 quod
792 2288 855 2349 illae
887 2286 1116 2369 productiones

98 2401 104 2412 '
144 2395 394 2475 distinguuntur
411 2415 467 2475 per
484 2395 623 2456 rationes
640 2395 754 2475 prioris
777 2403 809 2456 et
826 2393 1018 2476 posterioris,
1040 2393 1115 2474 quia

149 2499 316 2583 generatio
339 2509 386 2562 est
411 2501 506 2582 prior,
533 2501 665 2582 spiratio
689 2512 800 2568 autem
824 2511 873 2562 est
895 2499 1061 2581 posterior.

220 2605 293 2681 sed·
306 2617 419 2669 contro
444 2607 501 2670 lzoc
516 2607 690 2690 arguitur:
715 2608 842 2671 Relatio
859 2629 924 2670 non
948 2606 1115 2688 distingui-

150 2723 203 2774 tur
226 2734 246 2774 a
269 2713 422 2776 relatione
446 2735 502 2796 per
527 2715 734 2789 relationem;
759 2715 815 2777 sed
839 2715 908 2776 istae
929 2713 1116 2795 productio-

151 2839 208 2881 nes
231 2828 307 2881 sunt
339 2819 524 2895 relationes;
560 2839 639 2902 ergo
675 2841 741 2882 non
776 2820 1020 2900 distinguuntur
1058 2838 1115 2900 per

147 2925 240 3008 prius
263 2935 295 2988 et
318 2927 477 3008 posterius
499 2947 575 3008 quae
599 2936 675 2988 sunt
699 2926 877 2988 relationes.

218 3137 305 3204 Hr'a
334 3156 438 3221 erqo
470 3139 757 3222 opinionibus
781 3138 970 3209 omissio,
999 3140 1041 3200 de
1068 3159 1116 3199 se-

147 3246 263 3308 cundo
283 3246 434 3308 Articulo
450 3247 523 3309 dico
547 3255 610 3308 tres
628 3246 875 3310 Conclusiones:
890 3245 1010 3307 Prima
1026 3245 1115 3326 quod

151 3352 221 3414 istae
245 3352 475 3433 productiones
498 3353 742 3434 distinguuntur
765 3353 878 3433 seipsis
902 3351 1117 3433 quidditative

145 3468 184 3521 et
207 3457 391 3521 formaliter.
417 3459 567 3522 Secundo
588 3458 755 3523 Conclusio
770 3459 860 3540 quod
884 3458 1053 3540 arguitiru
1069 3458 1116 3518 di-

145 3565 361 3648 stinguuntur
384 3587 427 3630 ex
450 3567 603 3629 terminis.
642 3565 750 3628 Tertia
781 3566 871 3646 quod
901 3565 1042 3627 elicitioe
1072 3564 1118 3626 di-
