2684 4209
305 274 494 342 Drsrrncr.
520 277 654 342 XXXV
678 277 864 361 Quasnl
1023 294 1086 364 357

962 401 1107 412 ——-

144 484 275 567 ligibili;
299 485 358 547 sed
382 484 563 549 intellectus
586 484 648 548 Dei
671 505 799 568 semper
822 495 870 550 est
893 486 925 550 in
949 497 1042 564 actu;
1063 509 1112 552 er-

140 611 191 673 go
213 590 412 674 intelligibile
435 611 563 673 sempre
586 600 634 654 est
657 591 689 654 in
713 600 787 655 actu
812 592 1013 677 intelligibili.
1044 593 1110 660 Sed

140 697 338 780 ‘particulare
361 718 428 760 non
441 707 490 761 est
505 718 633 780 semper
655 698 688 761 in
704 707 778 761 actu
803 699 1010 783 intelligibili;
1027 721 1109 784 ergo

142 804 238 867 Deus
261 825 327 867 non
351 804 501 887 intelligit
535 805 737 887 particulare.

219 911 340 974 Ultimo
362 911 424 974 sic:
462 911 640 975 Intellectio
674 910 712 974 fit
745 932 802 994 per
836 913 1109 990 abstractionem

140 1018 205 1080 sed
228 1018 390 1101 singulare
414 1017 609 1099 inquantum
632 1018 794 1101 singulare
817 1039 883 1082 non
906 1040 1034 1103 semper
1057 1022 1111 1084 ab

141 1125 272 1200 strahit,
297 1125 401 1187 immo
424 1145 553 1207 semper
576 1125 742 1189 concernit
764 1124 817 1188 hic
839 1135 872 1189 ct
895 1143 999 1212 nunc;
1031 1147 1111 1211 ergo

148 1231 241 1294 Deus
263 1252 329 1294 non
349 1232 504 1315 'intelligit
527 1230 698 1314 singulare.
839 1225 844 1233 ’

217 1445 282 1511 Be
305 1445 434 1511 terlio
455 1444 656 1511 Arlt'oulo
678 1447 770 1510 dico:
796 1446 977 1509 secundum
1004 1439 1126 1509 Theo'

151 1552 255 1634 logos
279 1551 390 1634 opinio
416 1551 692 1615 Commentatoris
714 1561 763 1616 est
787 1552 939 1615 haeretica
961 1561 994 1615 et
1017 1551 1112 1628 falsa;

151 1659 226 1722 ideo
248 1668 344 1721 teneo
368 1659 458 1741 quod
482 1659 574 1722 Deus
596 1660 754 1744 intelligat
776 1680 810 1723 se
832 1667 865 1722 et
888 1659 949 1722 alia
971 1679 992 1722 a
1014 1680 1048 1722 se
1078 1669 1112 1722 et

145 1765 249 1828 etiam
273 1765 486 1848 particularia.
511 1766 585 1830 Hoc
608 1767 765 1849 probatur

220 1872 345 1948 Primo,
370 1894 427 1955 per
451 1872 687 1956 Philosophum
712 1891 741 1936 1.
765 1873 804 1936 dc
827 1873 962 1947 Anima,
996 1873 1051 1935 ubi
1068 1872 1114 1935 di·

147 1980 197 2042 cit
219 1989 333 2042 contra
358 1980 595 2062 Empedoclem
619 1981 710 2063 quod
733 1980 759 2042 si
783 1979 874 2042 Deus
897 1979 1061 2061 ignoraret
1081 1980 1115 2042 li·

149 2095 232 2158 tem,
260 2096 343 2149 esset
366 2085 584 2169 imperfectus
608 2087 726 2150 deinde
749 2088 838 2170 quod
861 2087 887 2149 si
911 2087 1002 2149 Deus
1025 2087 1115 2170 igno-

149 2204 238 2258 raret
260 2215 298 2256 ea
322 2214 397 2276 quae
424 2215 486 2256 nos
519 2194 758 2276 cognoscimus,
792 2204 876 2257 esset
906 2192 1114 2268 fatuissimus,

152 2320 187 2384 9.
210 2300 358 2383 Metaplr.

220 2408 394 2482 Proeterca,
412 2425 463 2470 12.
480 2406 627 2489 Metaph.
644 2407 723 2470 dicit
742 2407 879 2489 ipsemet
903 2406 1113 2472 Commenta·

148 2524 206 2578 tor
229 2516 319 2597 quod
342 2515 475 2578 scientia
498 2514 560 2577 Dei
583 2523 632 2576 est
655 2535 752 2576 causa
776 2534 901 2590 rerum;
927 2515 1018 2596 quod
1049 2535 1115 2577 non

147 2631 240 2685 esset
260 2637 376 2685 verum
401 2620 461 2683 nisi
484 2631 695 2704 cognosceret
718 2641 767 2683 res
790 2621 868 2684 alias
890 2641 911 2682 a
933 2641 977 2683 se.

221 2729 394 2803 Proeterea,
419 2729 462 2790 ad
480 2728 542 2791 hoc
558 2727 695 2810 ipsemet
705 2727 953 2791 Commentator
965 2727 1043 2791 dicit
1055 2748 1116 2809 qu-

146 2836 200 2899 od
223 2836 291 2917 ipse
314 2835 472 2898 laboravit
495 2835 549 2897 diu
574 2834 607 2898 in
630 2835 693 2896 isto
716 2855 824 2917 passu,
847 2843 880 2897 et
904 2854 968 2896 non
1010 2833 1117 2916 potuit

150 2928 342 3024 intelligere.
368 2942 459 3004 Deus
481 2950 592 3004 autem
617 2941 714 3003 duxit
736 2961 813 3004 eum
837 2940 868 3002 in
893 2940 1114 3023 cognitionem

153 3049 239 3111 illius
262 3047 413 3111 veritatis.
428 3048 483 3110 Ex
506 3069 574 3130 quo
595 3047 743 3130 arguitur
766 3047 826 3125 sic;
851 3047 927 3129 quia
950 3055 1006 3110 aut
1022 3047 1117 3110 indu-

148 3156 207 3218 xit
228 3176 305 3218 eum
329 3175 450 3229 acasu,
474 3164 531 3218 aut
553 3174 597 3217 ex
620 3154 815 3237 cognitione.
841 3153 875 3218 Si
898 3175 917 3216 a
935 3174 1022 3228 casu,
1038 3174 1118 3237 ergo

154 3283 223 3326 non
247 3262 360 3324 debuit
383 3262 446 3324 hoc
468 3261 575 3324 dicere
597 3262 639 3324 de
662 3262 716 3324 illo
740 3262 935 3344 plusquam
971 3262 1012 3323 de
1050 3261 1119 3322 aliis

148 3369 298 3446 casibus;
323 3369 349 3431 si
372 3378 482 3431 autem
506 3368 636 3431 induxit
658 3389 736 3431 eum
760 3369 792 3431 in
815 3368 1036 3451 cognoscendi),
1063 3367 1119 3430 ha-

156 3477 222 3539 beo
246 3475 461 3558 propositum.

224 3583 398 3655 Praeterea,
426 3582 458 3644 in
472 3582 590 3645 virtute
603 3583 665 3644 Dei
678 3583 884 3646 continentur
896 3582 1032 3644 virtutes
1044 3601 1121 3643 cau-

150 3711 268 3756 sarum
292 3690 519 3752 secundarum.
545 3690 600 3752 Ex
624 3710 690 3772 quo
713 3689 859 3772 arguitur
888 3690 946 3752 sic:
972 3687 1122 3771 Cognos-
