2684 4209
276 248 339 328 368
563 248 638 312 Lm.
662 249 678 311 1
702 247 999 314 Sauraurmauu

249 464 496 540 gumentorum.
521 453 609 518 Dicit
631 455 687 528 sic,
722 455 814 537 quod
838 453 910 517 idea
938 454 1079 537 ponitur
1117 457 1232 539 princi·

253 561 345 644 pium
368 561 510 625 scientiae
532 570 565 624 et
588 561 1008 643 causalitatis.1nquantum
1030 572 1084 626 est
1099 564 1231 645 princi-

245 668 344 750 pium
365 667 519 740 scientia,
546 677 671 750 spectat
694 669 736 730 ad
753 667 953 732 intellectum
965 670 1228 750 speculativum,

252 783 286 837 et
308 774 353 837 sic
375 774 493 837 dicitur
516 775 597 838 idea.
622 775 822 857 inquantum
846 785 956 837 autem
980 783 1031 838 est
1059 778 1234 860 principi·

253 902 309 944 um
331 880 548 956 causalitatis,
572 889 698 964 spectat
720 883 762 944 ad
791 880 990 944 intellectum
1022 885 1224 964 practicam.

253 996 285 1050 et
308 987 353 1051 sic
375 987 493 1051 dicitur
515 989 695 1070 exemplar.

320 1093 380 1158 Ad
393 1086 594 1177 propositum
624 1094 704 1158 dicit
733 1095 787 1169 sic,
819 1096 910 1177 quod
940 1095 1056 1158 omnia
1088 1099 1228 1181 cognita

255 1200 377 1264 habent
399 1202 507 1265 ideam
530 1201 562 1264 in
587 1203 670 1272 Deo.
695 1201 890 1284 inquantum
914 1202 986 1266 idea
1000 1212 1052 1266 est
1068 1205 1227 1286 principi-

254 1330 312 1376 um
323 1309 476 1384 scientia,
489 1329 555 1371 non
567 1318 679 1372 autem
695 1309 806 1371 omnia
826 1307 948 1372 habent
963 1309 1072 1372 ideam
1090 1311 1127 1374 in
1156 1311 1228 1375 Deo

254 1417 449 1499 inquantum
484 1416 556 1478 idea
589 1425 639 1478 est
674 1415 869 1499 principium
905 1415 1116 1490 causalitatis,
1151 1418 1229 1500 quia

254 1523 345 1606 quod
368 1542 434 1585 non
457 1531 516 1595 est,
541 1542 600 1585 nec
623 1520 694 1597 suit,
713 1542 772 1584 nec
783 1521 852 1597 erit,
866 1542 931 1584 non
946 1521 1045 1585 habet
1058 1523 1173 1587 ideam
1193 1525 1223 1586 in

231 1629 341 1704 ‚Deo

323 1737 415 1807 Item,
444 1735 579 1798 materia
602 1755 667 1798 non
700 1734 799 1798 habet
829 1734 935 1798 ideam
966 1734 998 1797 in
1030 1735 1119 1810 Deo,
1145 1737 1222 1819 quia

254 1842 346 1926 quod
369 1862 435 1904 non
458 1850 566 1923 potest
590 1861 647 1924 per
670 1861 705 1904 se
727 1841 866 1904 existere
890 1861 956 1904 non
976 1840 1076 1904 habet
1093 1843 1218 1917 ideam
1296 1861 1297 1872 ¹

256 1950 314 2012 sed
339 1949 473 2012 materia
496 1969 561 2011 non
590 1957 698 2031 potest
729 1967 786 2029 per
802 1968 835 2010 se
866 1947 1023 2026 existere3
1038 1969 1124 2031 ergo
1155 1969 1221 2012 non

258 2055 358 2118 habet
382 2054 499 2119 ideam.

328 2163 442 2234 Tertio,
471 2182 573 2244 genus
597 2181 662 2224 non
687 2160 786 2224 habet
809 2160 974 2244 propriam
998 2162 1106 2224 ideam
1132 2163 1177 2225 ab
1196 2163 1218 2224 i·

254 2270 316 2331 dea
338 2269 464 2350 speciei,
488 2269 564 2350 quia
587 2269 679 2350 quod
691 2289 757 2330 non
780 2267 989 2351 cognoscitur
1013 2267 1072 2330 nisi
1096 2269 1130 2331 in
1152 2291 1224 2352 spe-
1295 2281 1296 2284 ’

255 2375 303 2438 cie
327 2395 392 2439 non
417 2375 515 2438 habet
537 2376 644 2438 ideam
669 2375 728 2436 nisi
752 2375 783 2438 in
807 2374 930 2457 specie;
955 2376 1012 2438 sed
1035 2395 1142 2458 genus
1166 2397 1221 2438 co-

257 2483 424 2564 gnoscitur
447 2483 479 2544 in
503 2482 610 2564 specie
632 2490 777 2559 tantum;
806 2501 886 2564 ergo
917 2502 984 2544 non
1016 2481 1116 2544 habet
1150 2503 1222 2565 pro

257 2587 361 2671 priam
386 2589 503 2662 ideam,
529 2588 588 2651 nisi
612 2588 719 2651 ideam
743 2588 869 2669 speciei.

329 2694 452 2771 Quarto
475 2695 552 2757 dicit
575 2696 665 2777 quod
689 2693 856 2758 individua
880 2715 945 2758 non
970 2695 1093 2758 habent
1112 2694 1217 2758 ideam

257 2811 375 2887 praeter
399 2802 505 2864 ideam
529 2802 656 2883 speciei,
681 2812 750 2864 tum
767 2803 843 2883 quia
860 2801 1064 2864 individuum
1083 2821 1147 2864 non
1165 2802 1217 2863 ad·

257 2909 305 2972 dit
328 2909 411 2970 ultra
434 2908 574 2990 speciem
599 2908 658 2970 nisi
683 2908 862 2982 materiam,
879 2917 912 2970 et
929 2907 1061 2970 materia
1078 2928 1145 2970 non
1158 2907 1214 2969 ha·
1294 2901 1295 2946 i

257 3016 313 3078 bet
336 3014 452 3087 ideam,
477 3022 514 3084 ut
537 3015 641 3076 visum
665 3025 731 3093 est;
757 3025 824 3077 tum
848 3015 926 3097 quia
953 3014 1120 3077 individua
1152 3034 1214 3076 non
1294 2960 1295 3052 i

257 3132 334 3185 sunt
357 3142 413 3203 per
436 3141 469 3183 se
493 3121 615 3184 intenta
638 3143 658 3183 a
682 3130 814 3198 natura;
828 3142 903 3203 quae
919 3131 1031 3184 autem
1055 3141 1120 3182 non
1144 3129 1219 3183 sunt

258 3248 314 3311 per
338 3249 372 3290 se
395 3228 518 3290 intenta
540 3249 560 3290 a
583 3237 699 3290 natura
723 3249 788 3290 non
814 3227 935 3290 habent
959 3228 1075 3290 ideam.

329 3333 460 3410 erium,
488 3334 666 3398 accidentia
691 3335 914 3416 inseparabilia
931 3355 996 3397 non
1013 3333 1134 3397 habent
1153 3334 1217 3396 ide·

257 3462 312 3504 am
336 3451 454 3523 praeter
478 3441 583 3505 ideam
596 3441 751 3522 subjecti;
769 3441 843 3503 licet
858 3441 943 3503 enim
960 3438 1076 3503 artifex
1102 3439 1218 3503 habeat

259 3548 366 3610 ideam
389 3548 563 3611 accidentis
586 3547 782 3631 separabilis,
818 3557 897 3629 puta
921 3547 1056 3629 picturae
1088 3547 1216 3616 domus,
1292 3613 1293 3630 i

258 3675 324 3718 non
359 3663 470 3717 tamen
506 3654 611 3717 ideam
642 3655 819 3718 accidentis
848 3655 935 3737 quad
967 3653 1219 3736 inseparabiliter
1292 3643 1293 3724 i

262 3761 502 3824 concomitatur
525 3760 720 3842 subjectum,
743 3761 811 3824 sive
834 3762 980 3824 domum.
