<?xml version="1.0" encoding="UTF-8"?>
<!DOCTYPE html PUBLIC "-//W3C//DTD XHTML 1.0 Transitional//EN"
    "http://www.w3.org/TR/xhtml1/DTD/xhtml1-transitional.dtd">
<html xmlns="http://www.w3.org/1999/xhtml" xml:lang="en" lang="en">
 <head>
  <title>
</title>
<meta http-equiv="Content-Type" content="text/html;charset=utf-8" />
  <meta name='ocr-system' content='tesseract 3.04.00' />
  <meta name='ocr-capabilities' content='ocr_page ocr_carea ocr_par ocr_line ocrx_word'/>
</head>
<body>
  <div class='ocr_page' id='page_1' title='image "./commentariainli01scotgoog_0063.png"; bbox 0 0 2684 4209; ppageno 0'>
   <div class='ocr_carea' id='block_1_1' title="bbox 393 190 865 273">
    <p class='ocr_par' dir='ltr' id='par_1_1' title="bbox 393 190 865 273">
     <span class='ocr_line' id='line_1_1' title="bbox 393 190 865 273; baseline 0.008 -22"><span class='ocrx_word' id='word_1_1' title='bbox 393 191 579 255; x_wconf 81' lang='lat' dir='ltr'><strong>Drsrrucr.</strong></span> <span class='ocrx_word' id='word_1_2' title='bbox 605 192 628 253; x_wconf 90' lang='grc' dir='ltr'><strong>Ι.</strong></span> <span class='ocrx_word' id='word_1_3' title='bbox 655 190 801 273; x_wconf 66' lang='lat' dir='ltr'><strong>Qua-asa.</strong></span> <span class='ocrx_word' id='word_1_4' title='bbox 827 193 865 255; x_wconf 87' lang='lat' dir='ltr'><strong>ll.</strong></span> 
     </span>
    </p>
   </div>
   <div class='ocr_carea' id='block_1_2' title="bbox 151 396 1126 1228">
    <p class='ocr_par' dir='ltr' id='par_1_2' title="bbox 151 396 1126 1228">
     <span class='ocr_line' id='line_1_2' title="bbox 156 396 1123 481; baseline 0.006 -25"><span class='ocrx_word' id='word_1_5' title='bbox 156 406 330 479; x_wconf 83' lang='lat' dir='ltr'><strong>tamquam</strong></span> <span class='ocrx_word' id='word_1_6' title='bbox 356 396 386 457; x_wconf 92' lang='lat' dir='ltr'><strong>in</strong></span> <span class='ocrx_word' id='word_1_7' title='bbox 411 396 590 476; x_wconf 90' lang='lat' dir='ltr'><strong>quoddam.</strong></span> <span class='ocrx_word' id='word_1_8' title='bbox 603 398 737 478; x_wconf 80' lang='lat' dir='ltr'><strong>praevi0,</strong></span> <span class='ocrx_word' id='word_1_9' title='bbox 765 419 806 460; x_wconf 87' lang='lat' dir='ltr'><strong>eo</strong></span> <span class='ocrx_word' id='word_1_10' title='bbox 837 399 938 460; x_wconf 86' lang='lat' dir='ltr'><strong>modo</strong></span> <span class='ocrx_word' id='word_1_11' title='bbox 968 420 1035 481; x_wconf 92' lang='lat' dir='ltr'><strong>quo</strong></span> <span class='ocrx_word' id='word_1_12' title='bbox 1066 421 1123 481; x_wconf 81' lang='lat' dir='ltr'><strong>po</strong></span> 
     </span>
     <span class='ocr_line' id='line_1_3' title="bbox 160 502 1125 588; baseline 0.006 -24"><span class='ocrx_word' id='word_1_13' title='bbox 160 504 207 564; x_wconf 90' lang='lat' dir='ltr'><strong>nit</strong></span> <span class='ocrx_word' id='word_1_14' title='bbox 237 502 445 585; x_wconf 80' lang='lat' dir='ltr'><strong>Augustinus</strong></span> <span class='ocrx_word' id='word_1_15' title='bbox 476 505 565 585; x_wconf 92' lang='lat' dir='ltr'><strong>quod</strong></span> <span class='ocrx_word' id='word_1_16' title='bbox 597 502 733 566; x_wconf 81' lang='lat' dir='ltr'><strong>fruimur</strong></span> <span class='ocrx_word' id='word_1_17' title='bbox 764 505 857 568; x_wconf 91' lang='lat' dir='ltr'><strong>bouis</strong></span> <span class='ocrx_word' id='word_1_18' title='bbox 888 506 1035 588; x_wconf 85' lang='lat' dir='ltr'>cognitis.</span> <span class='ocrx_word' id='word_1_19' title='bbox 1069 508 1125 570; x_wconf 86' lang='lat' dir='ltr'><strong>Ex</strong></span> 
     </span>
     <span class='ocr_line' id='line_1_4' title="bbox 160 609 1120 695; baseline 0.006 -24"><span class='ocrx_word' id='word_1_20' title='bbox 160 610 223 671; x_wconf 84' lang='lat' dir='ltr'><strong>hoc</strong></span> <span class='ocrx_word' id='word_1_21' title='bbox 247 610 390 691; x_wconf 87' lang='lat' dir='ltr'><strong>sequitur</strong></span> <span class='ocrx_word' id='word_1_22' title='bbox 414 611 503 693; x_wconf 91' lang='lat' dir='ltr'><strong>quod</strong></span> <span class='ocrx_word' id='word_1_23' title='bbox 520 609 627 673; x_wconf 85' lang='lat' dir='ltr'><strong>fruitio</strong></span> <span class='ocrx_word' id='word_1_24' title='bbox 644 613 870 695; x_wconf 67' lang='lat' dir='ltr'><strong>praesupponit</strong></span> <span class='ocrx_word' id='word_1_25' title='bbox 886 613 1120 695; x_wconf 86' lang='lat' dir='ltr'><strong>cognitionem,</strong></span> 
     </span>
     <span class='ocr_line' id='line_1_5' title="bbox 151 716 1124 798; baseline 0.005 -21"><span class='ocrx_word' id='word_1_26' title='bbox 151 724 190 777; x_wconf 84' lang='lat' dir='ltr'><strong>et</strong></span> <span class='ocrx_word' id='word_1_27' title='bbox 215 737 282 778; x_wconf 90' lang='lat' dir='ltr'><strong>non</strong></span> <span class='ocrx_word' id='word_1_28' title='bbox 306 727 353 778; x_wconf 89' lang='lat' dir='ltr'><strong>est</strong></span> <span class='ocrx_word' id='word_1_29' title='bbox 377 716 408 778; x_wconf 89' lang='lat' dir='ltr'><strong>in</strong></span> <span class='ocrx_word' id='word_1_30' title='bbox 425 717 619 798; x_wconf 83' lang='lat' dir='ltr'><strong>cognitione.</strong></span> <span class='ocrx_word' id='word_1_31' title='bbox 639 718 704 781; x_wconf 87' lang='lat' dir='ltr'><strong>Sed</strong></span> <span class='ocrx_word' id='word_1_32' title='bbox 718 719 783 781; x_wconf 89' lang='lat' dir='ltr'><strong>hoc</strong></span> <span class='ocrx_word' id='word_1_33' title='bbox 800 741 865 781; x_wconf 92' lang='lat' dir='ltr'><strong>non</strong></span> <span class='ocrx_word' id='word_1_34' title='bbox 882 720 1033 783; x_wconf 88' lang='lat' dir='ltr'><strong>obstante</strong></span> <span class='ocrx_word' id='word_1_35' title='bbox 1049 720 1124 782; x_wconf 91' lang='lat' dir='ltr'><strong>frui-</strong></span> 
     </span>
     <span class='ocr_line' id='line_1_6' title="bbox 159 822 1124 909; baseline 0.005 -24"><span class='ocrx_word' id='word_1_36' title='bbox 159 823 206 885; x_wconf 87' lang='lat' dir='ltr'><strong>tio</strong></span> <span class='ocrx_word' id='word_1_37' title='bbox 230 822 459 905; x_wconf 80' lang='lat' dir='ltr'><strong>perfectissime</strong></span> <span class='ocrx_word' id='word_1_38' title='bbox 483 834 608 906; x_wconf 86' lang='lat' dir='ltr'><strong>spectat</strong></span> <span class='ocrx_word' id='word_1_39' title='bbox 631 826 673 887; x_wconf 89' lang='lat' dir='ltr'><strong>ad</strong></span> <span class='ocrx_word' id='word_1_40' title='bbox 696 836 806 888; x_wconf 90' lang='lat' dir='ltr'><strong>actum</strong></span> <span class='ocrx_word' id='word_1_41' title='bbox 832 827 1017 900; x_wconf 86' lang='lat' dir='ltr'><strong>voluntatis,</strong></span> <span class='ocrx_word' id='word_1_42' title='bbox 1046 828 1124 909; x_wconf 89' lang='lat' dir='ltr'><strong>quia</strong></span> 
     </span>
     <span class='ocr_line' id='line_1_7' title="bbox 158 932 1124 1016; baseline 0.005 -25"><span class='ocrx_word' id='word_1_43' title='bbox 158 951 236 1011; x_wconf 84' lang='lat' dir='ltr'><strong>quae</strong></span> <span class='ocrx_word' id='word_1_44' title='bbox 261 941 336 992; x_wconf 88' lang='lat' dir='ltr'><strong>sunt</strong></span> <span class='ocrx_word' id='word_1_45' title='bbox 359 932 465 1011; x_wconf 89' lang='lat' dir='ltr'><strong>priora</strong></span> <span class='ocrx_word' id='word_1_46' title='bbox 489 932 706 1013; x_wconf 85' lang='lat' dir='ltr'><strong>generatione,</strong></span> <span class='ocrx_word' id='word_1_47' title='bbox 736 942 811 994; x_wconf 89' lang='lat' dir='ltr'><strong>sunt</strong></span> <span class='ocrx_word' id='word_1_48' title='bbox 842 934 1020 1014; x_wconf 87' lang='lat' dir='ltr'><strong>posteriora</strong></span> <span class='ocrx_word' id='word_1_49' title='bbox 1051 956 1124 1016; x_wconf 91' lang='lat' dir='ltr'><strong>per-</strong></span> 
     </span>
     <span class='ocr_line' id='line_1_8' title="bbox 159 1036 1126 1122; baseline 0.006 -25"><span class='ocrx_word' id='word_1_50' title='bbox 159 1036 308 1111; x_wconf 87' lang='lat' dir='ltr'><strong>fectione,</strong></span> <span class='ocrx_word' id='word_1_51' title='bbox 332 1049 363 1099; x_wconf 87' lang='lat' dir='ltr'><strong>et</strong></span> <span class='ocrx_word' id='word_1_52' title='bbox 386 1047 542 1108; x_wconf 84' lang='lat' dir='ltr'><strong>econtra,</strong></span> <span class='ocrx_word' id='word_1_53' title='bbox 568 1039 649 1100; x_wconf 89' lang='lat' dir='ltr'><strong>sicut</strong></span> <span class='ocrx_word' id='word_1_54' title='bbox 666 1040 757 1121; x_wconf 89' lang='lat' dir='ltr'><strong>ponit</strong></span> <span class='ocrx_word' id='word_1_55' title='bbox 774 1039 991 1121; x_wconf 87' lang='lat' dir='ltr'><strong>Philosophus</strong></span> <span class='ocrx_word' id='word_1_56' title='bbox 1008 1060 1038 1122; x_wconf 89' lang='lat'><strong>9.</strong></span> <span class='ocrx_word' id='word_1_57' title='bbox 1056 1044 1126 1103; x_wconf 81' lang='lat' dir='ltr'><strong>Me-</strong></span> 
     </span>
     <span class='ocr_line' id='line_1_9' title="bbox 154 1142 701 1228; baseline 0.005 -24"><span class='ocrx_word' id='word_1_58' title='bbox 154 1142 249 1225; x_wconf 69' lang='lat' dir='ltr'><strong>laplt.</strong></span> <span class='ocrx_word' id='word_1_59' title='bbox 275 1146 313 1206; x_wconf 79' lang='lat' dir='ltr'><strong>de</strong></span> <span class='ocrx_word' id='word_1_60' title='bbox 335 1146 513 1207; x_wconf 74' lang='lat' dir='ltr'><strong>umbriano:</strong></span> <span class='ocrx_word' id='word_1_61' title='bbox 538 1166 617 1228; x_wconf 82' lang='lat' dir='ltr'><strong>ergo</strong></span> <span class='ocrx_word' id='word_1_62' title='bbox 640 1156 701 1207; x_wconf 88' lang='lat' dir='ltr'><strong>etc.</strong></span> 
     </span>
    </p>
   </div>
   <div class='ocr_carea' id='block_1_3' title="bbox 471 1340 817 1531">
    <p class='ocr_par' dir='ltr' id='par_1_3' title="bbox 471 1340 817 1531">
     <span class='ocr_line' id='line_1_10' title="bbox 528 1340 765 1421; baseline 0.013 -19"><span class='ocrx_word' id='word_1_63' title='bbox 528 1340 705 1421; x_wconf 79' lang='lat' dir='ltr'><strong>Qurssrro</strong></span> <span class='ocrx_word' id='word_1_64' title='bbox 730 1356 765 1406; x_wconf 84' lang='lat'><strong>11.</strong></span> 
     </span>
     <span class='ocr_line' id='line_1_11' title="bbox 471 1446 817 1531; baseline 0.003 -22"><span class='ocrx_word' id='word_1_65' title='bbox 471 1446 616 1509; x_wconf 82' lang='lat' dir='ltr'><strong>Secundo</strong></span> <span class='ocrx_word' id='word_1_66' title='bbox 639 1450 817 1531; x_wconf 64' lang='lat' dir='ltr'><strong>queritur:</strong></span> 
     </span>
    </p>
   </div>
   <div class='ocr_carea' id='block_1_4' title="bbox 158 1586 1123 1731">
    <p class='ocr_par' dir='ltr' id='par_1_4' title="bbox 158 1586 1123 1731">
     <span class='ocr_line' id='line_1_12' title="bbox 211 1586 1123 1659; baseline 0.005 -18"><span class='ocrx_word' id='word_1_67' title='bbox 211 1587 320 1642; x_wconf 84' lang='lat' dir='ltr'><strong>Utrum</strong></span> <span class='ocrx_word' id='word_1_68' title='bbox 337 1586 446 1655; x_wconf 82' lang='lat' dir='ltr'><strong>aliqutd</strong></span> <span class='ocrx_word' id='word_1_69' title='bbox 463 1587 543 1642; x_wconf 77' lang='lat' dir='ltr'><strong>allud</strong></span> <span class='ocrx_word' id='word_1_70' title='bbox 561 1604 580 1642; x_wconf 78' lang='lat' dir='ltr'><strong>a</strong></span> <span class='ocrx_word' id='word_1_71' title='bbox 598 1587 653 1643; x_wconf 80' lang='lat' dir='ltr'><strong>flne</strong></span> <span class='ocrx_word' id='word_1_72' title='bbox 673 1589 776 1643; x_wconf 81' lang='lat' dir='ltr'><strong>ultimo</strong></span> <span class='ocrx_word' id='word_1_73' title='bbox 793 1590 830 1644; x_wconf 81' lang='lat' dir='ltr'><strong>alt</strong></span> <span class='ocrx_word' id='word_1_74' title='bbox 848 1590 994 1659; x_wconf 75' lang='lat' dir='ltr'><strong>objectum</strong></span> <span class='ocrx_word' id='word_1_75' title='bbox 1017 1605 1069 1658; x_wconf 80' lang='lat' dir='ltr'><strong>per</strong></span> <span class='ocrx_word' id='word_1_76' title='bbox 1092 1606 1123 1646; x_wconf 78' lang='lat' dir='ltr'><strong>se</strong></span> 
     </span>
     <span class='ocr_line' id='line_1_13' title="bbox 158 1676 314 1731; baseline 0.013 -2"><span class='ocrx_word' id='word_1_77' title='bbox 158 1676 314 1731; x_wconf 74' lang='lat' dir='ltr'><strong>fruit-rous.</strong></span> 
     </span>
    </p>
   </div>
   <div class='ocr_carea' id='block_1_5' title="bbox 153 1802 1189 3791">
    <p class='ocr_par' dir='ltr' id='par_1_5' title="bbox 157 1802 1123 2102">
     <span class='ocr_line' id='line_1_14' title="bbox 204 1802 1122 1887; baseline 0.002 -22"><span class='ocrx_word' id='word_1_78' title='bbox 204 1802 305 1884; x_wconf 83' lang='lat' dir='ltr'><strong>Quod</strong></span> <span class='ocrx_word' id='word_1_79' title='bbox 329 1804 373 1867; x_wconf 91' lang='lat' dir='ltr'><strong>sic</strong></span> <span class='ocrx_word' id='word_1_80' title='bbox 390 1805 516 1867; x_wconf 88' lang='lat' dir='ltr'><strong>videtur</strong></span> <span class='ocrx_word' id='word_1_81' title='bbox 533 1824 589 1887; x_wconf 93' lang='lat' dir='ltr'><strong>per</strong></span> <span class='ocrx_word' id='word_1_82' title='bbox 607 1805 834 1887; x_wconf 82' lang='lat' dir='ltr'><strong>Augustinunr</strong></span> <span class='ocrx_word' id='word_1_83' title='bbox 852 1806 906 1867; x_wconf 82' lang='lat' dir='ltr'><strong>lib.</strong></span> <span class='ocrx_word' id='word_1_84' title='bbox 930 1804 985 1885; x_wconf 72' lang='lat'><strong>85.</strong></span> <span class='ocrx_word' id='word_1_85' title='bbox 1010 1815 1122 1887; x_wconf 69' lang='lat' dir='ltr'><strong>quaest.</strong></span> 
     </span>
     <span class='ocr_line' id='line_1_15' title="bbox 159 1911 1123 1987; baseline 0.002 -15"><span class='ocrx_word' id='word_1_86' title='bbox 159 1911 215 1972; x_wconf 92' lang='lat' dir='ltr'><strong>ubi</strong></span> <span class='ocrx_word' id='word_1_87' title='bbox 251 1911 341 1974; x_wconf 91' lang='lat' dir='ltr'><strong>dicit:</strong></span> <span class='ocrx_word' id='word_1_88' title='bbox 379 1912 568 1973; x_wconf 88' lang='lat' dir='ltr'><strong>Fruendum</strong></span> <span class='ocrx_word' id='word_1_89' title='bbox 604 1922 651 1973; x_wconf 89' lang='lat' dir='ltr'><strong>est</strong></span> <span class='ocrx_word' id='word_1_90' title='bbox 685 1913 778 1975; x_wconf 90' lang='lat' dir='ltr'><strong>bonis</strong></span> <span class='ocrx_word' id='word_1_91' title='bbox 808 1912 1032 1987; x_wconf 87' lang='lat' dir='ltr'><strong>invisibilibus;</strong></span> <span class='ocrx_word' id='word_1_92' title='bbox 1065 1914 1123 1974; x_wconf 89' lang='lat' dir='ltr'><strong>sed</strong></span> 
     </span>
     <span class='ocr_line' id='line_1_16' title="bbox 157 2018 1121 2102; baseline 0.003 -24"><span class='ocrx_word' id='word_1_93' title='bbox 157 2018 262 2079; x_wconf 82' lang='lat' dir='ltr'><strong>inuita</strong></span> <span class='ocrx_word' id='word_1_94' title='bbox 286 2029 360 2080; x_wconf 89' lang='lat' dir='ltr'><strong>sunt</strong></span> <span class='ocrx_word' id='word_1_95' title='bbox 385 2019 470 2080; x_wconf 87' lang='lat' dir='ltr'><strong>bona</strong></span> <span class='ocrx_word' id='word_1_96' title='bbox 494 2018 661 2081; x_wconf 86' lang='lat' dir='ltr'><strong>invisibilia</strong></span> <span class='ocrx_word' id='word_1_97' title='bbox 686 2020 765 2081; x_wconf 85' lang='lat' dir='ltr'><strong>citra</strong></span> <span class='ocrx_word' id='word_1_98' title='bbox 790 2020 913 2097; x_wconf 89' lang='lat' dir='ltr'><strong>l)eum;</strong></span> <span class='ocrx_word' id='word_1_99' title='bbox 938 2041 1027 2102; x_wconf 82' lang='lat' dir='ltr'><strong>erg0,</strong></span> <span class='ocrx_word' id='word_1_100' title='bbox 1060 2030 1121 2081; x_wconf 88' lang='lat' dir='ltr'><strong>etc.</strong></span> 
     </span>
    </p>

    <p class='ocr_par' dir='ltr' id='par_1_6' title="bbox 155 2126 1123 2422">
     <span class='ocr_line' id='line_1_17' title="bbox 204 2126 1123 2207; baseline 0.002 -21"><span class='ocrx_word' id='word_1_101' title='bbox 204 2142 233 2186; x_wconf 92' lang='lat'><strong>2.</strong></span> <span class='ocrx_word' id='word_1_102' title='bbox 260 2126 427 2197; x_wconf 70' lang='lat' dir='ltr'><strong>Praeterea,</strong></span> <span class='ocrx_word' id='word_1_103' title='bbox 452 2126 613 2207; x_wconf 80' lang='lat' dir='ltr'><strong>capacitas</strong></span> <span class='ocrx_word' id='word_1_104' title='bbox 637 2126 727 2188; x_wconf 89' lang='lat' dir='ltr'><strong>finita</strong></span> <span class='ocrx_word' id='word_1_105' title='bbox 758 2136 865 2207; x_wconf 88' lang='lat' dir='ltr'><strong>potest</strong></span> <span class='ocrx_word' id='word_1_106' title='bbox 896 2127 1001 2188; x_wconf 85' lang='lat' dir='ltr'><strong>satiari</strong></span> <span class='ocrx_word' id='word_1_107' title='bbox 1034 2127 1123 2189; x_wconf 90' lang='lat' dir='ltr'><strong>bono</strong></span> 
     </span>
     <span class='ocr_line' id='line_1_18' title="bbox 158 2231 1121 2315; baseline 0.002 -22"><span class='ocrx_word' id='word_1_108' title='bbox 158 2231 266 2306; x_wconf 87' lang='lat' dir='ltr'><strong>finito;</strong></span> <span class='ocrx_word' id='word_1_109' title='bbox 290 2234 345 2295; x_wconf 88' lang='lat' dir='ltr'><strong>sed</strong></span> <span class='ocrx_word' id='word_1_110' title='bbox 370 2234 532 2315; x_wconf 83' lang='lat' dir='ltr'><strong>capacitas</strong></span> <span class='ocrx_word' id='word_1_111' title='bbox 555 2235 674 2296; x_wconf 86' lang='lat' dir='ltr'><strong>animae</strong></span> <span class='ocrx_word' id='word_1_112' title='bbox 697 2242 745 2295; x_wconf 88' lang='lat' dir='ltr'><strong>est</strong></span> <span class='ocrx_word' id='word_1_113' title='bbox 769 2232 872 2304; x_wconf 86' lang='lat' dir='ltr'><strong>finita;</strong></span> <span class='ocrx_word' id='word_1_114' title='bbox 902 2254 982 2315; x_wconf 83' lang='lat' dir='ltr'><strong>ergo</strong></span> <span class='ocrx_word' id='word_1_115' title='bbox 1013 2243 1121 2315; x_wconf 87' lang='lat' dir='ltr'><strong>potest</strong></span> 
     </span>
     <span class='ocr_line' id='line_1_19' title="bbox 155 2339 1021 2422; baseline 0 -21"><span class='ocrx_word' id='word_1_116' title='bbox 155 2340 266 2401; x_wconf 88' lang='lat' dir='ltr'><strong>satiari</strong></span> <span class='ocrx_word' id='word_1_117' title='bbox 290 2340 377 2402; x_wconf 90' lang='lat' dir='ltr'><strong>bono</strong></span> <span class='ocrx_word' id='word_1_118' title='bbox 401 2339 502 2413; x_wconf 85' lang='lat' dir='ltr'><strong>finito,</strong></span> <span class='ocrx_word' id='word_1_119' title='bbox 526 2351 558 2402; x_wconf 87' lang='lat' dir='ltr'><strong>et</strong></span> <span class='ocrx_word' id='word_1_120' title='bbox 583 2362 638 2422; x_wconf 87' lang='lat' dir='ltr'><strong>per</strong></span> <span class='ocrx_word' id='word_1_121' title='bbox 662 2362 864 2421; x_wconf 88' lang='lat' dir='ltr'><strong>consequens</strong></span> <span class='ocrx_word' id='word_1_122' title='bbox 888 2340 948 2402; x_wconf 90' lang='lat' dir='ltr'><strong>frui</strong></span> <span class='ocrx_word' id='word_1_123' title='bbox 972 2361 1021 2401; x_wconf 89' lang='lat' dir='ltr'><strong>e0.</strong></span> 
     </span>
    </p>

    <p class='ocr_par' dir='ltr' id='par_1_7' title="bbox 153 2447 1189 3149">
     <span class='ocr_line' id='line_1_20' title="bbox 227 2447 1119 2530; baseline 0.001 -22"><span class='ocrx_word' id='word_1_124' title='bbox 227 2462 255 2525; x_wconf 84' lang='lat'><strong>3.</strong></span> <span class='ocrx_word' id='word_1_125' title='bbox 282 2448 439 2509; x_wconf 71' lang='lat' dir='ltr'><strong>Praeterea</strong></span> <span class='ocrx_word' id='word_1_126' title='bbox 463 2448 544 2509; x_wconf 86' lang='lat' dir='ltr'><strong>sicut</strong></span> <span class='ocrx_word' id='word_1_127' title='bbox 573 2447 678 2510; x_wconf 85' lang='lat' dir='ltr'><strong>forrna</strong></span> <span class='ocrx_word' id='word_1_128' title='bbox 709 2448 802 2508; x_wconf 86' lang='lat' dir='ltr'><strong>satiat</strong></span> <span class='ocrx_word' id='word_1_129' title='bbox 833 2448 1016 2530; x_wconf 80' lang='lat' dir='ltr'><strong>appetitum</strong></span> <span class='ocrx_word' id='word_1_130' title='bbox 1050 2469 1119 2509; x_wconf 87' lang='lat' dir='ltr'><strong>ma-</strong></span> 
     </span>
     <span class='ocr_line' id='line_1_21' title="bbox 158 2553 1123 2635; baseline 0.002 -22"><span class='ocrx_word' id='word_1_131' title='bbox 158 2553 248 2614; x_wconf 86' lang='lat' dir='ltr'><strong>teriae</strong></span> <span class='ocrx_word' id='word_1_132' title='bbox 274 2553 463 2625; x_wconf 70' lang='lat' dir='ltr'><strong>intrinsecae,</strong></span> <span class='ocrx_word' id='word_1_133' title='bbox 489 2554 531 2615; x_wconf 88' lang='lat' dir='ltr'><strong>ita</strong></span> <span class='ocrx_word' id='word_1_134' title='bbox 555 2554 721 2634; x_wconf 85' lang='lat' dir='ltr'><strong>objectum</strong></span> <span class='ocrx_word' id='word_1_135' title='bbox 746 2554 839 2615; x_wconf 87' lang='lat' dir='ltr'><strong>satiat</strong></span> <span class='ocrx_word' id='word_1_136' title='bbox 862 2554 1045 2635; x_wconf 88' lang='lat' dir='ltr'><strong>appetitum</strong></span> <span class='ocrx_word' id='word_1_137' title='bbox 1067 2576 1123 2615; x_wconf 81' lang='lat' dir='ltr'><strong>vo</strong></span> 
     </span>
     <span class='ocr_line' id='line_1_22' title="bbox 153 2658 1120 2743; baseline 0.001 -23"><span class='ocrx_word' id='word_1_138' title='bbox 153 2658 291 2743; x_wconf 86' lang='lat' dir='ltr'><strong>¹luntatis</strong></span> <span class='ocrx_word' id='word_1_139' title='bbox 314 2660 518 2733; x_wconf 81' lang='lat' dir='ltr'><strong>extrinsecae;</strong></span> <span class='ocrx_word' id='word_1_140' title='bbox 543 2660 599 2722; x_wconf 87' lang='lat' dir='ltr'><strong>sed</strong></span> <span class='ocrx_word' id='word_1_141' title='bbox 623 2660 777 2741; x_wconf 64' lang='lat' dir='ltr'><strong>quaelibet</strong></span> <span class='ocrx_word' id='word_1_142' title='bbox 801 2659 906 2721; x_wconf 87' lang='lat' dir='ltr'><strong>forma</strong></span> <span class='ocrx_word' id='word_1_143' title='bbox 937 2660 1031 2722; x_wconf 84' lang='lat' dir='ltr'><strong>satiat</strong></span> <span class='ocrx_word' id='word_1_144' title='bbox 1065 2682 1120 2742; x_wconf 85' lang='lat' dir='ltr'><strong>ap-</strong></span> 
     </span>
     <span class='ocr_line' id='line_1_23' title="bbox 158 2766 1119 2847; baseline 0.002 -21"><span class='ocrx_word' id='word_1_145' title='bbox 158 2766 298 2846; x_wconf 87' lang='lat' dir='ltr'><strong>petitum</strong></span> <span class='ocrx_word' id='word_1_146' title='bbox 324 2768 465 2829; x_wconf 76' lang='lat' dir='ltr'><strong>materiae</strong></span> <span class='ocrx_word' id='word_1_147' title='bbox 489 2768 680 2839; x_wconf 60' lang='lat' dir='ltr'><strong>intrinsecae,</strong></span> <span class='ocrx_word' id='word_1_148' title='bbox 704 2767 782 2829; x_wconf 85' lang='lat' dir='ltr'><strong>alias</strong></span> <span class='ocrx_word' id='word_1_149' title='bbox 805 2768 960 2828; x_wconf 83' lang='lat' dir='ltr'><strong>violenter</strong></span> <span class='ocrx_word' id='word_1_150' title='bbox 976 2767 1119 2847; x_wconf 87' lang='lat' dir='ltr'><strong>quiesce-</strong></span> 
     </span>
     <span class='ocr_line' id='line_1_24' title="bbox 161 2873 1120 2955; baseline 0 -22"><span class='ocrx_word' id='word_1_151' title='bbox 161 2883 209 2934; x_wconf 90' lang='lat' dir='ltr'><strong>ret</strong></span> <span class='ocrx_word' id='word_1_152' title='bbox 233 2874 294 2934; x_wconf 90' lang='lat' dir='ltr'><strong>sub</strong></span> <span class='ocrx_word' id='word_1_153' title='bbox 317 2893 368 2945; x_wconf 89' lang='lat' dir='ltr'><strong>ea;</strong></span> <span class='ocrx_word' id='word_1_154' title='bbox 393 2894 471 2955; x_wconf 87' lang='lat' dir='ltr'><strong>ergo</strong></span> <span class='ocrx_word' id='word_1_155' title='bbox 499 2874 666 2955; x_wconf 88' lang='lat' dir='ltr'><strong>quodlibet</strong></span> <span class='ocrx_word' id='word_1_156' title='bbox 698 2873 864 2953; x_wconf 87' lang='lat' dir='ltr'><strong>objectum</strong></span> <span class='ocrx_word' id='word_1_157' title='bbox 896 2874 962 2934; x_wconf 88' lang='lat' dir='ltr'><strong>sive</strong></span> <span class='ocrx_word' id='word_1_158' title='bbox 994 2874 1120 2935; x_wconf 86' lang='lat' dir='ltr'><strong>bonurn</strong></span> 
     </span>
     <span class='ocr_line' id='line_1_25' title="bbox 156 2979 1189 3063; baseline 0.002 -22"><span class='ocrx_word' id='word_1_159' title='bbox 156 2979 253 3041; x_wconf 88' lang='lat' dir='ltr'><strong>satiat</strong></span> <span class='ocrx_word' id='word_1_160' title='bbox 281 2981 462 3061; x_wconf 85' lang='lat' dir='ltr'><strong>appetitum</strong></span> <span class='ocrx_word' id='word_1_161' title='bbox 492 2982 676 3054; x_wconf 73' lang='lat' dir='ltr'><strong>voluntatis</strong></span> <span class='ocrx_word' id='word_1_162' title='bbox 704 2991 737 3042; x_wconf 87' lang='lat' dir='ltr'><strong>et</strong></span> <span class='ocrx_word' id='word_1_163' title='bbox 764 2982 807 3042; x_wconf 85' lang='lat' dir='ltr'><strong>ita</strong></span> <span class='ocrx_word' id='word_1_164' title='bbox 834 2982 985 3043; x_wconf 84' lang='lat' dir='ltr'><strong>voluntas</strong></span> <span class='ocrx_word' id='word_1_165' title='bbox 1013 2992 1123 3063; x_wconf 87' lang='lat' dir='ltr'><strong>potest</strong></span> <span class='ocrx_word' id='word_1_166' title='bbox 1187 2989 1189 2996; x_wconf 90' lang='lat'>&#39;</span> 
     </span>
     <span class='ocr_line' id='line_1_26' title="bbox 160 3085 292 3149; baseline 0.015 -2"><span class='ocrx_word' id='word_1_167' title='bbox 160 3085 219 3148; x_wconf 89' lang='lat' dir='ltr'><strong>frui</strong></span> <span class='ocrx_word' id='word_1_168' title='bbox 243 3106 292 3149; x_wconf 88' lang='lat' dir='ltr'><strong>eo.</strong></span> 
     </span>
    </p>

    <p class='ocr_par' dir='ltr' id='par_1_8' title="bbox 154 3191 1124 3471">
     <span class='ocr_line' id='line_1_27' title="bbox 228 3191 1124 3277; baseline 0 -21"><span class='ocrx_word' id='word_1_169' title='bbox 228 3191 357 3257; x_wconf 80' lang='lat' dir='ltr'><strong>Contra.</strong></span> <span class='ocrx_word' id='word_1_170' title='bbox 375 3194 597 3276; x_wconf 87' lang='lat' dir='ltr'><strong>Augustinus:</strong></span> <span class='ocrx_word' id='word_1_171' title='bbox 612 3213 641 3257; x_wconf 84' lang='lat'><strong>1.</strong></span> <span class='ocrx_word' id='word_1_172' title='bbox 659 3196 697 3256; x_wconf 84' lang='lat' dir='ltr'><strong>de</strong></span> <span class='ocrx_word' id='word_1_173' title='bbox 713 3195 822 3258; x_wconf 80' lang='lat' dir='ltr'><strong>Doctr.</strong></span> <span class='ocrx_word' id='word_1_174' title='bbox 841 3193 961 3258; x_wconf 73' lang='lat' dir='ltr'><strong>Christ.</strong></span> <span class='ocrx_word' id='word_1_175' title='bbox 976 3197 1041 3258; x_wconf 86' lang='lat' dir='ltr'><strong>Ros</strong></span> <span class='ocrx_word' id='word_1_176' title='bbox 1053 3196 1124 3277; x_wconf 88' lang='lat' dir='ltr'><strong>qui·</strong></span> 
     </span>
     <span class='ocr_line' id='line_1_28' title="bbox 154 3300 1122 3383; baseline 0.001 -21"><span class='ocrx_word' id='word_1_177' title='bbox 154 3300 217 3362; x_wconf 90' lang='lat' dir='ltr'><strong>bus</strong></span> <span class='ocrx_word' id='word_1_178' title='bbox 241 3300 415 3363; x_wconf 87' lang='lat' dir='ltr'><strong>fruendum</strong></span> <span class='ocrx_word' id='word_1_179' title='bbox 446 3311 503 3373; x_wconf 88' lang='lat' dir='ltr'><strong>est,</strong></span> <span class='ocrx_word' id='word_1_180' title='bbox 539 3310 615 3363; x_wconf 90' lang='lat' dir='ltr'><strong>sunt</strong></span> <span class='ocrx_word' id='word_1_181' title='bbox 643 3302 746 3375; x_wconf 83' lang='lat' dir='ltr'><strong>Pater,</strong></span> <span class='ocrx_word' id='word_1_182' title='bbox 784 3303 883 3364; x_wconf 90' lang='lat' dir='ltr'><strong>Filius</strong></span> <span class='ocrx_word' id='word_1_183' title='bbox 918 3312 950 3363; x_wconf 89' lang='lat' dir='ltr'><strong>et</strong></span> <span class='ocrx_word' id='word_1_184' title='bbox 982 3302 1122 3383; x_wconf 88' lang='lat' dir='ltr'><strong>Spiritus</strong></span> 
     </span>
     <span class='ocr_line' id='line_1_29' title="bbox 156 3407 304 3471; baseline -0.02 0"><span class='ocrx_word' id='word_1_185' title='bbox 156 3407 304 3471; x_wconf 84' lang='lat' dir='ltr'><strong>Sanctus.</strong></span> 
     </span>
    </p>

    <p class='ocr_par' dir='ltr' id='par_1_9' title="bbox 156 3514 1121 3791">
     <span class='ocr_line' id='line_1_30' title="bbox 223 3514 1120 3597; baseline -0.002 -19"><span class='ocrx_word' id='word_1_186' title='bbox 223 3514 338 3579; x_wconf 76' lang='lat' dir='ltr'><strong>cinca</strong></span> <span class='ocrx_word' id='word_1_187' title='bbox 362 3528 474 3577; x_wconf 77' lang='lat' dir='ltr'><strong>rsrnu</strong></span> <span class='ocrx_word' id='word_1_188' title='bbox 498 3528 748 3590; x_wconf 48' lang='lat' dir='ltr'><strong>Qurnsrronau</strong></span> <span class='ocrx_word' id='word_1_189' title='bbox 767 3517 877 3597; x_wconf 69' lang='lat' dir='ltr'><strong>prino</strong></span> <span class='ocrx_word' id='word_1_190' title='bbox 898 3525 1037 3597; x_wconf 83' lang='lat' dir='ltr'><strong>ponetur</strong></span> <span class='ocrx_word' id='word_1_191' title='bbox 1054 3536 1120 3577; x_wconf 80' lang='lat' dir='ltr'><strong>una</strong></span> 
     </span>
     <span class='ocr_line' id='line_1_31' title="bbox 156 3620 1121 3703; baseline 0.002 -21"><span class='ocrx_word' id='word_1_192' title='bbox 156 3621 327 3683; x_wconf 80' lang='lat' dir='ltr'><strong>distinctio</strong></span> <span class='ocrx_word' id='word_1_193' title='bbox 361 3620 507 3684; x_wconf 78' lang='lat' dir='ltr'><strong>Secundo</strong></span> <span class='ocrx_word' id='word_1_194' title='bbox 537 3622 661 3685; x_wconf 87' lang='lat' dir='ltr'><strong>dicetur</strong></span> <span class='ocrx_word' id='word_1_195' title='bbox 691 3622 734 3683; x_wconf 87' lang='lat' dir='ltr'><strong>ad</strong></span> <span class='ocrx_word' id='word_1_196' title='bbox 766 3622 991 3703; x_wconf 72' lang='lat' dir='ltr'><strong>Quaestionem</strong></span> <span class='ocrx_word' id='word_1_197' title='bbox 1021 3622 1121 3702; x_wconf 86' lang='lat' dir='ltr'><strong>juxta</strong></span> 
     </span>
     <span class='ocr_line' id='line_1_32' title="bbox 158 3729 551 3791; baseline 0 -2"><span class='ocrx_word' id='word_1_198' title='bbox 158 3729 304 3791; x_wconf 88' lang='lat' dir='ltr'><strong>membra</strong></span> <span class='ocrx_word' id='word_1_199' title='bbox 328 3729 551 3791; x_wconf 89' lang='lat' dir='ltr'><strong>distinctionis.</strong></span> 
     </span>
    </p>
   </div>
   <div class='ocr_carea' id='block_1_6' title="bbox 0 0 1346 4209">
    <p class='ocr_par' dir='ltr' id='par_1_10' title="bbox 0 0 1346 4209">
     <span class='ocr_line' id='line_1_33' title="bbox 0 0 1346 4209; baseline 0 0"><span class='ocrx_word' id='word_1_200' title='bbox 0 0 1346 4209; x_wconf 95' lang='lat' dir='ltr'><strong> </strong></span> 
     </span>
    </p>
   </div>
  </div>
 </body>
</html>
