2684 4209
206 237 266 299 188
470 235 545 297 Lrn.
570 235 585 296 Ι
609 233 908 299 Sunrnnrmnuu

177 438 291 501 divina
314 459 445 502 summe
468 439 575 502 libera.
591 436 659 502 'Ad
684 437 747 501 hoc
770 438 985 520 respondetur
1010 439 1151 521 quadru-

177 545 323 627 pliciter:

253 652 345 717 Unus
367 652 445 715 dicit
468 652 558 735 quod
583 652 735 715 voluntas
751 660 859 734 potest
873 651 1070 715 considerari
1092 651 1153 715 du-

174 760 321 841 pliciter:
352 758 420 823 Uno
445 760 537 843 modo
560 767 596 822 ut
621 767 748 833 natura,
780 767 814 821 et
847 758 892 821 sic
927 759 1078 841 producit
1108 760 1151 821 de

182 866 379 929 necessitate.
403 866 480 929 Alio
503 865 595 929 modo
618 865 814 947 inquantum
842 866 941 928 libera
963 847 1023 941 est,¹
1044 874 1078 929 et
1105 866 1151 928 sic

176 973 333 1054 producit
371 972 606 1055 contingenter,
647 980 681 1035 et
713 972 759 1035 sic
783 993 849 1036 non
883 981 931 1035 est
954 970 1152 1054 principium

176 1078 320 1160 Spiritus
343 1077 463 1143 Sancti.

248 1185 347 1247 Alius
370 1184 446 1248 dicit
473 1186 563 1267 quod
603 1186 676 1249 licet
703 1186 743 1248 sit
782 1185 953 1248 necessitas
991 1193 1028 1248 ut
1057 1194 1152 1249 actus

176 1293 285 1354 tendit
308 1292 340 1354 in
365 1293 533 1373 objectum
557 1314 664 1368 suum,
688 1302 800 1356 tamen
831 1301 962 1356 nonest
978 1292 1150 1355 necessitas

176 1408 218 1463 ut
240 1408 331 1461 actus
354 1398 477 1462 elicitur
500 1421 519 1461 a
542 1400 696 1482 potentia.

248 1506 347 1568 Alius
370 1506 448 1567 dicit
471 1506 562 1588 quod
593 1507 745 1569 voluntas
779 1515 816 1570 ut
853 1505 939 1569 elicit
961 1514 1074 1568 actum
1100 1515 1150 1569 est

182 1612 224 1674 ibi
249 1611 395 1688 libertas;
421 1622 457 1675 ut
495 1622 608 1675 autem
632 1634 666 1675 se
704 1613 857 1675 terminat
895 1612 946 1675 vel
969 1610 1079 1675 firmat
1117 1613 1150 1677 in

176 1728 303 1792 actum,
328 1718 373 1782 sic
395 1729 445 1782 est
467 1718 520 1781 ibi'
534 1720 730 1783 necessitas
1064 1800 1068 1805 .

248 1824 367 1888 Ductor
389 1836 497 1887 autem
521 1837 628 1889 noster
653 1825 731 1889 dicit
753 1827 799 1889 sic
833 1827 924 1908 quod
963 1826 1005 1890 ibi
1029 1835 1080 1889 est
1113 1827 1149 1889 li-

178 1930 288 1993 bertas
311 1940 344 1994 et
366 1931 547 2006 necessitas,
569 1932 646 2013 quia
669 1932 753 1995 sicut
787 1942 903 1996 natura
930 1932 1028 1996 habet
1054 1954 1148 1996 suam

175 2037 347 2120 propriam
372 2038 595 2101 necessitatem
622 2047 655 2101 et
695 2060 789 2101 suam
824 2039 1081 2123 contingentiam
1105 2041 1151 2102 in·

175 2154 341 2226 quantum
366 2154 473 2227 potest
504 2144 650 2219 deficere,
688 2146 732 2208 ita
766 2146 897 2209 libertas
932 2147 1032 2209 habet
1054 2167 1148 2209 suam

181 2253 403 2315 necessitatem
427 2262 460 2315 et
483 2273 577 2315 suam
602 2253 872 2335 contingentiam:
896 2253 952 2335 qui
976 2262 1084 2335 potest
1099 2274 1151 2316 ca-

177 2378 257 2439 pere
280 2360 396 2440 capiat,
420 2360 503 2421 sicut
526 2358 604 2422 dicit
629 2360 767 2441 ipsemet
790 2359 822 2421 in
845 2380 906 2422 sua
921 2360 1149 2441 Reportatronc

177 2484 258 2527 nam
283 2465 454 2528 necessitas
477 2466 632 2529 naturalis
656 2486 722 2529 non
738 2475 803 2529 stat
826 2486 902 2529 cum
918 2467 1074 2542 libertate,
1091 2468 1149 2530 sed

177 2572 352 2634 necessitas
375 2560 551 2635 voluntatis
574 2573 658 2636 bene
681 2581 746 2635 stat
768 2594 845 2635 cum
868 2573 1024 2636 libertate.

247 2782 309 2847 An
333 2799 477 2849 Paruum
504 2799 721 2848 autumpnus
745 2786 869 2848 dictum
896 2795 946 2849 est
983 2786 1080 2850 Dist.
1115 2806 1145 2849 2.

178 2892 271 2972 quod
310 2911 374 2953 non
398 2902 447 2953 est
471 2892 700 2955 inconveniens
712 2893 862 2954 eamdem
886 2903 1038 2955 naturam
1061 2913 1148 2956 com·

183 2998 337 3060 municari
373 2998 500 3061 duabus
535 2998 814 3080 productionibus
846 2999 929 3061 sicut
967 3000 1054 3062 idem
1093 2999 1151 3063 ubi

181 3125 318 3166 numero
341 3105 517 3186 acquiritur
541 3126 597 3187 per
614 3114 742 3167 motum
766 3116 891 3167 rectum
915 3115 947 3169 et
959 3106 1147 3169 circularem

178 3232 224 3273 ex
247 3230 282 3293 5.
299 3210 416 3293 Phys,
437 3214 492 3295 qui
510 3222 618 3275 motus
645 3220 774 3273 tantum
791 3213 1035 3296 distinguuntur
1057 3215 1146 3296 quod

182 3338 247 3379 non
264 3328 339 3380 sunt
354 3319 396 3380 ad
414 3319 550 3381 invicem
578 3319 822 3401 comparabiles,
843 3320 1050 3405 cx7‚P1'tys.

249 3426 306 3487 Ad
325 3426 500 3487 secundum
524 3426 597 3488 dico
621 3427 714 3508 quod
737 3447 780 3488 ex
804 3426 857 3488 illa
879 3426 1066 3491 definitione
1090 3427 1146 3489 ha-

179 3532 275 3594 betur
299 3532 389 3611 quod
414 3532 552 3612 Spiritus
576 3531 718 3596 Sanctus
740 3554 783 3595 ex
807 3532 839 3594 vi
863 3554 930 3595 suae
959 3534 1146 3616 productio-

182 3637 231 3697 nis
254 3657 319 3698 non
358 3645 406 3699 est
444 3637 555 3719 imago
595 3638 706 3712 Patris
746 3640 836 3721 quod
874 3641 1062 3703 conceditur
1089 3662 1146 3724 per

182 3740 410 3824 Augustinum
435 3763 465 3828 7.
490 3745 529 3805 de
547 3744 637 3806 Trin.
