2684 4209
449 286 605 351 Pnonoo.
633 278 779 366 Quasi.
805 286 835 347 11
1060 304 1099 364 23

337 403 478 411 --.-—-—
489 403 552 410 —--=
807 405 830 410 --
837 404 1064 410 -.-----.-
1084 405 1101 410 .-

158 490 317 553 terminos
354 491 560 553 immediatos
595 492 714 573 quibus
753 492 893 573 cognitis
924 513 1127 573 cognoscun-

159 607 212 659 tur
244 597 342 659 etiam
369 597 420 658 illa
444 618 585 677 qnorum
610 609 695 659 sunt.
721 600 837 661 illinar
854 600 1021 679 probatur,
1049 600 1125 679 quia

160 705 303 765 eundem
343 717 539 785 conceptum
571 705 825 785 quidditativum
858 726 956 786 quem
985 706 1125 767 affirmat

162 810 366 873 Christianus
382 812 422 872 de
447 811 528 883 De0,
554 812 692 873 dicendo
725 813 830 874 Deam
851 814 998 883 trinum,
1029 822 1126 893 negat

163 938 322 998 paganus.

234 1019 373 1091 Contra
397 1022 511 1090 r'stam
535 1024 754 1109 opinionon
772 1027 918 1107 arguitur
935 1027 994 1087 sic:
1014 1026 1128 1086 Incon-

164 1131 296 1191 veniens
319 1141 366 1192 est
392 1152 449 1193 nos
474 1132 591 1193 habere
616 1133 831 1193 nobilissimos
857 1120 986 1194 habitus
1010 1141 1042 1193 et
1066 1152 1125 1193 nos

164 1236 272 1309 latere,
296 1258 337 1298 cr
359 1256 389 1299 2.
415 1238 527 1309 Pasa,¹
557 1240 613 1299 sed
638 1259 908 1319 unumquemque
932 1239 1124 1319 theologum

164 1344 243 1405 latet
274 1344 380 1425 ipsum
407 1344 524 1406 habere
548 1344 697 1406 habitum
726 1346 757 1407 in
790 1346 843 1407 tali
869 1346 1005 1420 lumine;
1037 1366 1126 1425 ergo,

164 1459 225 1512 etc.
244 1451 360 1512 illiaar
368 1451 535 1531 probatur,
561 1452 637 1532 quia
658 1452 788 1513 habitus
809 1462 1052 1532 cognoscuntur
1070 1472 1126 1533 per

164 1566 271 1631 actus;
294 1558 349 1618 sed
374 1558 479 1619 nullus
503 1568 594 1619 actus
618 1568 665 1619 est
690 1578 861 1639 perquem
886 1559 987 1640 possit
1008 1580 1128 1639 cogno

165 1664 210 1725 sci
235 1665 299 1725 tale
331 1664 456 1739 lumen;
481 1684 571 1746 erg0,
596 1675 656 1725 etc.

235 1769 302 1832 Sal
312 1771 403 1833 r'srrrd
411 1782 641 1853 argumentum
657 1793 722 1834 non
736 1773 831 1842 valet,
844 1771 919 1853 quia
934 1772 1040 1833 minor
1051 1792 1126 1852 quae

166 1877 298 1959 ponitur
323 1877 353 1938 in
373 1878 559 1957 probatione
583 1880 720 1940 rrrr'narr's
743 1889 791 1940 est
815 1878 903 1950 falsa,
929 1898 1005 1939 nam
1036 1878 1128 1959 Apo-

165 1984 240 2046 stoli
262 1992 295 2045 et
320 1984 428 2046 Sancti
454 1984 509 2045 viri
528 1985 684 2047 habentes
701 1984 763 2048 hoc
780 1986 890 2047 lumen
915 1985 1129 2066 experieban-

166 2100 219 2152 tur
243 2112 277 2152 se
302 2090 419 2152 habere
443 2092 540 2153 talem
566 2092 724 2153 habitum.
752 2092 794 2153 Et
816 2084 987 2176 praeterea,
1022 2100 1057 2151 ut
1086 2091 1130 2151 di-

166 2198 210 2260 cit
234 2198 350 2269 Varro,
375 2198 459 2260 idam
476 2209 707 2280 argumentum
725 2210 833 2279 posset
853 2198 957 2260 iacere
979 2198 1128 2279 Pelagius

166 2313 280 2367 contra
306 2304 542 2385 Augustinum,
567 2306 622 2385 qni
648 2306 789 2386 negabat
808 2306 958 2387 gratiam
975 2305 1128 2366 dicendo:

167 2421 314 2473 monstra
339 2410 415 2472 mihi
440 2421 549 2473 actum
568 2412 680 2493 gratiae
697 2422 729 2473 et
751 2412 882 2474 credam
906 2432 975 2473 esse
992 2411 1129 2493 gratiam

167 2518 199 2580 in
224 2518 342 2580 anima.
370 2518 457 2581 [dara
483 2518 600 2581 Scottis
625 2520 659 2580 z'rr
695 2520 823 2599 Rapart.
849 2517 956 2599 arguit
984 2518 1029 2579 sic
1052 2537 1130 2578 con-

167 2634 217 2686 tra
242 2625 336 2686 istam
361 2624 561 2705 opinionem:
595 2626 631 2687 ln
658 2626 711 2686 illo
747 2626 867 2688 lumine
903 2625 934 2685 in
966 2645 1032 2705 quo
1064 2644 1129 2685 non

169 2730 308 2793 habetur
331 2731 480 2793 distincta
512 2732 655 2813 cognitio
687 2734 736 2793 vel
770 2733 882 2794 notitia
913 2731 1127 2793 terminorum

169 2846 205 2900 ut
229 2848 305 2901 sunt
329 2838 455 2900 termini
480 2838 615 2918 alicujus
635 2820 795 2919 principii,
818 2860 882 2901 non
911 2839 1061 2901 distincte
1088 2838 1132 2899 in-

168 2944 325 3027 telligitur
357 2944 434 3006 illud
470 2944 664 3026 principium
697 2944 877 3008 scientifice.
911 2934 978 3009 sed
1008 2946 1039 3008 in
1071 2945 1132 3007 isto

169 3052 292 3114 lumine
316 3052 404 3132 quod
429 3061 565 3133 ponunt,
591 3072 656 3114 non
682 3052 818 3115 habetur
842 3052 992 3115 distincta
1023 3053 1133 3135 cogni-

168 3158 216 3220 tio
238 3158 451 3219 terminorum
477 3158 548 3229 Dei,
574 3167 610 3220 ut
632 3168 681 3220 est
705 3158 898 3241 principium
915 3180 995 3241 pure
1011 3160 1133 3221 theolo

169 3264 291 3347 gicum.
318 3264 408 3346 Ergo
433 3265 464 3326 in
496 3265 550 3327 illo
582 3265 704 3328 lumine
736 3287 799 3327 non
832 3265 969 3328 habetur
1000 3267 1132 3328 scientia

171 3370 242 3433 Dei.
268 3370 422 3434 Probatia
446 3372 601 3434 miraris:
628 3372 829 3453 Impossibile
860 3383 908 3434 est
940 3371 1058 3434 habere
1089 3373 1134 3433 di-

169 3478 321 3540 stinctam
346 3478 494 3541 notitiam
521 3479 591 3551 Dei,
618 3480 676 3540 nisi
701 3479 740 3541 sit
764 3479 937 3541 intellectui
955 3478 989 3540 ia
1005 3500 1038 3541 sa
1054 3500 1134 3561 prae-

169 3605 253 3657 sens,
278 3584 327 3646 vel
352 3586 383 3646 in
400 3586 512 3666 aliquo
535 3586 795 3666 repraesentativa
811 3585 900 3666 (iuod
917 3585 1066 3648 distincte
1090 3586 1134 3665 ip-

86 3679 91 3687 ’
170 3711 243 3753 sum
268 3702 493 3772 repraesentat;
517 3692 573 3754 sed
599 3691 660 3753 hoc
671 3694 819 3772 priraam
838 3712 902 3753 non
919 3700 967 3752 est
984 3690 1134 3773 possibile
