2684 4209
387 218 574 281 Drsrmcr.
600 220 628 281 ΙΙ
654 217 802 300 QuAEsr.
827 220 857 281 ΙΙ
1070 222 1110 284 61

173 425 456 506 quemadmodum
480 423 550 504 ejus
573 424 752 486 intellectus
774 432 824 486 est
849 422 1003 498 infinitus
1020 426 1064 487 ita
1084 446 1146 488 no·

173 532 243 593 titia
267 532 376 613 genita
399 539 447 592 est
470 529 628 592 infinita·
662 530 879 593 Consimiliter
907 541 1014 612 potest
1045 533 1138 614 argui

171 639 211 701 de
233 638 409 711 voluntate,
441 638 517 719 quia
548 637 699 699 voluntas
730 636 855 699 infinita
879 637 1003 699 habens
1032 638 1144 719 objec-·

172 756 245 808 tum
269 745 409 807 amabile
431 743 609 817 infinitum,
641 743 723 806 sicut
747 744 881 825 ponitur
911 744 944 806 in
975 744 1058 819 De0,
1090 755 1146 809 est„

171 853 367 935 principium
392 851 622 932 productivum
646 851 765 913 amoris
789 849 913 913 infiniti.

240 958 385 1021 Secundo
407 958 554 1040 arguitur
577 958 625 1020 ad
638 957 833 1039 principale.
865 959 902 1019 ln
937 979 1143 1041 unoquoque·

169 1087 296 1147 genere,
312 1066 533 1147 imperfectum
547 1065 653 1146 arguit
660 1065 840 1146 perfectum
854 1064 886 1125 in
904 1061 972 1140 illo;
993 1066 1050 1127 sed
1070 1088 1137 1129 om-

168 1174 217 1235 nis
230 1173 401 1253 productio
425 1172 456 1234 in
473 1182 619 1233 creatura
634 1182 682 1233 est
700 1170 888 1252 imperfecta
911 1172 988 1253 quia
1008 1193 1074 1234 non
1092 1182 1145 1235 at·-

165 1280 262 1361 tingit
286 1278 384 1341 finem
409 1277 589 1360 perlectum
614 1279 663 1339 vel
688 1278 891 1359 completum
916 1277 1137 1359 perfectionis,

166 1387 222 1467 qui
246 1396 294 1447 est
317 1385 503 1448 assimilatio
528 1383 668 1467 perlecta
692 1384 724 1445 in
742 1384 865 1446 unitate
882 1393 1023 1459 naturae,
1045 1386 1135 1466 quod

167 1513 233 1553 non
257 1502 305 1553 est
329 1493 360 1554 in
384 1502 540 1565 creatura,
565 1500 598 1553 et
620 1500 731 1553 tamen
748 1490 811 1553 hoe
829 1512 895 1553 non
911 1491 1046 1553 includit
1063 1512 1141 1554 eon·⁴
1203 1504 1207 1509 ’

166 1599 406 1673 tradietionem;
431 1618 510 1680 ergo
545 1606 673 1679 oportet
696 1598 773 1659 dare
796 1598 1044 1679 productionem
1068 1619 1137 1679 per·

167 1704 286 1767 sectam
310 1726 385 1786 quae
409 1706 448 1766 sit
473 1706 504 1766 in
537 1704 659 1769 unitate
691 1713 830 1779 naturae;
855 1705 915 1766 sed
939 1725 1004 1765 non
1029 1714 1136 1785 potest

167 1813 245 1893 poni
270 1813 328 1874 nisi
352 1812 383 1873 in
409 1812 499 1886 Deo;
524 1832 616 1893 ergo,
703 1796 707 1807 ¹

232 1914 491 1987 Narrationes
505 1913 821 1985 Cornmentatorz‘s
833 1917 1046 1979 concludunt.
1060 1917 1135 1979 Pri-

168 2048 222 2089 ma
253 2048 329 2100 uon,
362 2026 437 2107 quia
464 2025 618 2107 possibile
649 2024 766 2087 dieitur
801 2024 1034 2105 multipliciter.
1064 2025 1136 2087 Uno

168 2134 259 2195 modo
282 2133 398 2195 dicitur
421 2132 572 2213 possibile
596 2132 686 2213 quod
710 2130 920 2211 distinguitur
943 2140 1060 2192 contra
1077 2133 1143 2193 ina.

161 2241 323 2321 possibile,
356 2248 388 2301 et
420 2240 481 2301 isto
513 2239 613 2300 modo
644 2247 692 2299 est
728 2238 878 2319 possibile
911 2238 1020 2299 Deum
1052 2260 1137 2300 esse..

170 2346 315 2410 Secundo
336 2342 437 2409 z'modo
468 2346 584 2407 dieitur
615 2344 766 2426 possibile
797 2352 894 2425 prout
925 2344 1134 2425 distinguitur

168 2464 281 2517 contra
305 2453 519 2515 necessarium
543 2462 575 2514 et
599 2462 635 2513 ut
657 2460 706 2513 est
722 2453 807 2513 idem
823 2452 913 2531 quod
933 2452 1134 2533 contingens,

167 2573 198 2625 et
223 2563 284 2624 isto
309 2561 409 2622 modo
433 2579 499 2622 non
526 2559 612 2621 cadit
635 2559 667 2620 in
692 2560 775 2621 Deo,
806 2559 910 2621 Tertio
934 2558 1026 2620 ruodo
1054 2558 1133 2619 dici-

167 2679 219 2731 tur
258 2667 410 2750 possibile
441 2666 473 2728 in
507 2666 630 2727 ratione
660 2666 708 2727 ad
735 2686 847 2746 agens,
882 2674 914 2726 et
945 2664 1000 2726 illo
1032 2665 1132 2727 modo

167 2796 266 2837 omne
296 2773 498 2856 producibile
528 2781 576 2835 est
600 2772 760 2853 possibile,
786 2772 886 2833 etsie
910 2780 1049 2851 negetur
1073 2772 1133 2833 ista

168 2882 360 2963 propositio;
374 2881 501 2943 nullum
515 2880 712 2961 productum
729 2900 772 2940 ex
789 2900 822 2939 se
838 2888 886 2939 est
902 2877 1130 2951 necessarium,

168 2987 226 3050 nisi
254 3008 312 3069 per
343 2988 376 3068 ly
406 3008 447 3049 ex
477 3008 510 3049 se
541 2986 737 3067 intelligatur
767 2985 854 3046 idem
886 3004 993 3065 genus
1024 3005 1131 3045 causae

167 3094 345 3157 efficientis:
363 3095 450 3156 unde
479 3093 563 3155 filius
586 3102 634 3155 est
657 3114 700 3154 ex
724 3113 757 3153 se
781 3112 909 3153 necesse
925 3111 994 3151 esse
1003 3091 1131 3171 furma-

169 3201 252 3275 liter,
276 3202 333 3263 sed
355 3222 375 3262 a
399 3210 490 3281 patre
501 3208 549 3262 est
560 3199 751 3280 productior
767 3219 895 3259 necesse
922 3218 999 3258 esse.
1018 3197 1063 3257 Et
1086 3197 1131 3258 sic

168 3316 256 3388 patet
280 3308 323 3368 arl
340 3308 487 3388 primam
513 3306 739 3387 probationem
764 3304 903 3384 majoris¹
937 3304 982 3364 Et
1012 3303 1129 3364 eodem

169 3414 269 3476 modo
292 3413 409 3475 dicitur
432 3413 473 3474 ad
488 3414 673 3485 secmrdam,
690 3412 765 3493 quia
775 3411 927 3491 possibile
942 3419 1039 3491 prout
1056 3409 1131 3470 dici-

167 3529 220 3582 tur
236 3520 366 3582 relative
389 3520 437 3582 ad
457 3541 557 3602 agens
574 3540 638 3581 non
656 3527 818 3599 repugnat
841 3518 1020 3578 necessario
1036 3537 1078 3578 ex
1095 3537 1138 3577 se·

167 3626 353 3689 formaliter.
