2684 4209
239 226 301 303 184
479 224 553 286 Lm.
578 222 593 285 1
616 221 910 287 Snnrsnrrnnun

211 428 496 493 communicantur
513 427 657 510 personis
687 427 802 490 divinis
829 426 997 509 productis
1008 424 1178 508 perfectio-

212 556 268 599 nes
284 535 418 611 divinae;
443 536 500 599 sed
520 534 700 598 intellectus
712 544 744 597 et
757 534 909 597 voluntas
928 554 994 595 non
1007 533 1179 596 includunt

213 643 397 706 secundum
421 663 455 705 se
478 662 592 705 omnes
612 640 826 723 perfectiones
844 640 984 716 divinas;
1008 660 1087 722 ergo
1110 660 1178 703 non

213 749 499 811 communicantur
523 747 666 830 personis
698 748 864 830 productis
876 768 991 810 omnes
1013 746 1178 829 perfectio

213 876 271 919 nes
294 856 423 931 divinoe,
448 856 537 938 quod
562 854 679 918 falsum
702 864 760 918 est.

280 964 385 1025 Istam
408 962 589 1044 opinionem
618 983 684 1024 non
715 971 811 1033 teneo
841 962 919 1044 quia
949 961 1084 1025 destruit
1111 980 1181 1023 ma·

214 1090 315 1153 gnam
354 1078 481 1152 partem
517 1069 587 1132 libri
618 1069 704 1132 beati
734 1068 916 1151 Augustini
939 1069 981 1131 de
1002 1068 1177 1145 Trinitate;

216 1176 294 1240 dicit
317 1176 403 1240 enim
429 1194 481 1260 15.
505 1178 544 1239 de
566 1176 656 1239 Trio.
678 1176 769 1258 quod
793 1176 931 1259 Spiritus
944 1176 1083 1240 Sanctus
1108 1175 1179 1238 exit

213 1284 384 1366 quomodo
407 1284 512 1346 datus.

281 1390 445 1453 Proterea
460 1389 656 1453 foecunditas
672 1390 704 1451 in
728 1390 844 1452 divinis
871 1390 1102 1472 correspondet
1117 1388 1178 1452 foe·

214 1497 371 1560 conditati
389 1497 421 1559 in
445 1497 601 1559 creaturis
618 1517 674 1578 per
694 1505 741 1571 te;
758 1498 815 1560 sed
832 1495 1028 1560 foecunditas
1042 1497 1074 1559 in
1090 1515 1178 1559 crea-

213 1602 294 1665 turis
310 1623 376 1665 non
399 1611 448 1665 est
471 1611 596 1678 natura,
614 1602 691 1684 quia
714 1623 771 1684 per
792 1612 825 1665 te
846 1601 951 1665 forma
974 1602 1178 1666 accidentalis

215 1718 264 1773 est
287 1709 481 1792 principium
506 1710 719 1791 produtivum
751 1710 951 1784 substantiae,
975 1710 1057 1772 sicut
1085 1709 1179 1791 ponis

214 1816 405 1897 exemplum
430 1816 471 1878 dc
494 1817 614 1893 calore;
635 1836 715 1897 ergo
739 1815 935 1879 foecunditas
958 1816 1180 1898 productionis

217 1942 282 1985 non
306 1931 354 1985 est
377 1931 493 1985 natura
516 1923 706 1985 immediate
728 1923 761 1984 in
786 1923 868 1985 De0.

280 2028 455 2101 Proterea,
483 2029 621 2092 essentia
645 2029 754 2091 divina
777 2038 826 2092 est
846 2030 1072 2093 immediatum
1096 2029 1181 2111 prin·

217 2136 339 2218 cipium
364 2136 481 2199 harum
499 2136 768 2217 productionum;
793 2136 850 2198 sed
867 2136 898 2197 in
910 2138 1048 2199 essentia
1070 2137 1180 2201 diviua

215 2254 252 2307 ut
273 2242 331 2315 sic,
360 2263 425 2305 non
449 2251 497 2305 est
521 2233 723 2325 ordo;'ergo
745 2242 828 2305 inter
851 2244 927 2305 istas
950 2244 1180 2326 productiones

218 2370 283 2412 non
307 2349 366 2412 erit
389 2349 480 2411 ordo.

282 2456 459 2528 Praeterea,
479 2456 617 2518 essentia
633 2456 743 2518 divina
765 2464 814 2517 est
837 2457 972 2519 omnino
999 2459 1179 2520 secundum

216 2583 251 2626 se
280 2563 426 2643 ejusdem
458 2562 602 2636 rationis;
634 2582 716 2645 ergo
747 2562 818 2625 istae
847 2564 926 2626 ‘duae
950 2565 1181 2646 productiones

215 2678 311 2733 erunt
334 2669 480 2750 ejusdem
505 2669 647 2731 rationis.

281 2776 365 2839 Dico
388 2796 464 2857 ergo
487 2776 577 2857 quod
600 2776 738 2838 essentia
761 2777 871 2839 divina
894 2798 960 2840 non
989 2788 1038 2841 est
1065 2780 1180 2843 imme-

216 2884 341 2946 diatum
366 2882 561 2964 principium
579 2882 695 2943 harum
714 2884 981 2965 productionum,
1007 2886 1084 2967 quia
1100 2886 1182 2949 sicut

217 3012 315 3072 supra
338 2990 462 3053 dictum
479 2999 536 3061 est,
557 2988 656 3051 Filius
672 3010 715 3051 ex
731 2990 762 3050 vi
786 3010 860 3053 suae
877 2992 1100 3071 productionis
1117 3010 1181 3055 non

217 3106 301 3165 esset
325 3096 429 3178 magis
452 3096 563 3177 imago
595 3096 696 3158 Patris
727 3117 830 3177 quam
862 3098 1000 3179 Spiritus
1032 3098 1181 3174 Sanctus,

215 3205 306 3287 quod
330 3214 379 3266 est
401 3212 515 3265 contra
528 3202 672 3283 August.
691 3222 720 3287 7.
734 3204 774 3265 de
796 3205 826 3267 T
823 3205 888 3267 riu.
900 3216 969 3286 cop.
995 3207 1120 3269 ultimo.
1137 3208 1182 3269 Et

214 3312 260 3373 sic
285 3331 374 3391 pono
397 3310 487 3391 quod
512 3308 651 3389 Spiritus
675 3308 814 3373 Sanctus
832 3312 1028 3391 producitur
1047 3323 1110 3394 per
1128 3335 1182 3375 ac-

215 3432 284 3485 tum
302 3417 489 3481 voluntatis.
507 3414 579 3477 Hoc
593 3416 636 3477 sic
653 3415 794 3478 declarat
811 3417 935 3480 Doctor
952 3429 1073 3481 noster:
1093 3419 1179 3500 Quia

216 3525 377 3609 quidquid
393 3527 434 3589 de
451 3529 574 3592 ratione
596 3550 654 3591 sua
678 3524 804 3592 formali
828 3532 876 3586 est
889 3528 1082 3611 principium
1107 3548 1178 3611 pro-

216 3634 397 3707 ductivum,
423 3634 607 3715 ubicunque
634 3638 774 3699 estsine
806 3635 1049 3717 imperfectione
1079 3637 1177 3717 prius·
