2684 4209
283 240 470 303 D1sn1NcT.
496 239 644 302 XXXIX
669 237 815 320 Quasi.
840 240 870 302 ΙΙ
997 253 1057 318 395

118 444 241 507 libilem
266 444 439 507 defuturis
462 445 735 527 contingentibus;
759 465 840 526 ergo
868 445 958 506 Deus
989 443 1097 506 habet

115 552 160 613 de
183 552 228 614 eis
252 553 463 614 necessariam
487 551 665 614 scientiam.
684 552 800 614 Minor
823 551 989 633 probatur,
1007 571 1085 614 nam

117 657 252 721 scientia
275 679 350 740 quae
375 679 440 721 non
463 668 513 720 est
535 658 711 721 conformis
734 658 864 739 objecto
892 667 941 720 est
975 657 1091 719 infalli-

117 765 201 841 bilis;
226 766 282 826 sed
306 766 438 828 scientia
460 786 561 846 quam
586 765 677 827 Deus
706 763 804 827 habet
828 765 868 827 de
899 764 1098 846 contingen·-

116 871 207 933 tibus
229 893 296 934 non
319 882 367 934 est
390 871 566 934 conformis
589 871 733 952 objectis
763 893 842 954 ergo
870 871 923 932 illa
953 870 1085 934 scientia

119 988 171 1040 est
193 978 374 1041 infallibilis.

197 1082 326 1148 Contra.
352 1085 493 1148 Scientia
516 1084 719 1167 specificatur
742 1105 785 1146 ex
817 1085 956 1165 objecto
988 1106 1030 1147 ex
1054 1083 1088 1147 6.

119 1190 269 1272 Metapa
293 1201 327 1254 et
345 1211 379 1270 j.
403 1193 443 1255 de
472 1193 608 1266 Anima,
634 1193 688 1254 ubi
713 1192 838 1254 dicitur:
864 1191 1007 1253 scientiae
1039 1213 1089 1253 sc-

118 1307 235 1360 cantur
251 1299 533 1379 quemadmodum
547 1309 579 1361 et
595 1320 654 1375 res;
671 1300 728 1360 sed
744 1299 785 1360 de
798 1299 932 1379 objectis
945 1319 1088 1360 necessa-

119 1404 175 1466 riis
198 1414 274 1468 sunt
297 1405 438 1467 scientiae
462 1407 660 1482 necessariae;
690 1425 769 1487 ergo
801 1406 841 1467 de
872 1405 1096 1486 contingenti--

119 1513 183 1573 bus
206 1511 344 1574 habetur
367 1512 500 1574 scientia
523 1512 725 1594 contingens.

190 1618 305 1682 CIRCA
322 1632 434 1682 ISTAM
453 1618 710 1699 QUAESTIONEM
727 1629 803 1681 sunt
820 1620 895 1681 duae
908 1618 1094 1700 opiniones,v

126 1719 205 1793 [lna
228 1725 306 1787 dicit
329 1726 418 1806 quod
444 1727 535 1788 Deus
559 1725 657 1787 habet
681 1726 846 1788 scientiam
877 1726 1087 1788 necessariam

117 1831 162 1894 de
185 1832 458 1914 contingentibus,
483 1833 560 1914 quia
582 1833 803 1914 contingentia
828 1840 863 1894 ut
888 1831 1009 1894 habent
1032 1832 1088 1894 ha-

120 1939 303 2000 bitudinem
327 1940 369 2000 ad
392 1959 523 2001 causam
544 1940 683 2021 primam
708 1940 829 2002 habent
853 1940 1096 2012 necessitatem„

118 2055 154 2107 et
176 2045 208 2107 in
232 2045 278 2108 eis
300 2055 349 2107 est
372 2047 593 2128 contingentia
617 2056 750 2128 propter
774 2067 887 2108 causas
916 2047 1089 2128 particula·
1117 2129 1120 2137 Ι

119 2172 180 2214 res,
206 2151 271 2214 Sed
295 2153 373 2213 illud
398 2152 649 2215 fundamentum
674 2162 764 2234 patet
787 2173 855 2215 esse
887 2150 1004 2215 falsum
1041 2175 1085 2214 ex

121 2259 216 2321 dictis
233 2259 265 2321 in
275 2260 413 2340 praced.
436 2259 573 2335 anest„
587 2261 664 2341 quia
677 2280 742 2322 non
762 2269 948 2340 potestesse
965 2259 1089 2321 contin-

119 2365 231 2448 gentia
255 2365 287 2427 in
310 2365 438 2441 effectu,
463 2367 520 2428 nisi
545 2367 585 2429 sit
608 2366 831 2449 contingentia
856 2367 887 2428 in
911 2387 1008 2428 causa
1025 2366 1088 2447 pri-

120 2493 239 2535 ma.-
263 2473 337 2534 Ideo
360 2483 408 2535 est
428 2473 499 2535 alia
523 2474 631 2554 opinio
654 2483 687 2536 et
716 2473 887 2555 distinguit
911 2475 951 2535 de
980 2489 1098 2535 neces--

120 2579 216 2652 sario,
241 2579 317 2660 quia
341 2589 376 2640 ut
400 2589 490 2660 patet
520 2579 607 2642 circa
623 2581 731 2662 finem
756 2599 785 2664 7.
811 2579 912 2660 Plcys.
946 2600 1098 2642 necessa·

121 2686 208 2748 rium
232 2694 279 2748 est
303 2686 437 2768 duplex,
461 2687 581 2750 scilicet
604 2688 791 2749 absolutum
816 2697 849 2748 et
871 2707 915 2748 ex
939 2687 1088 2768 supposi-

120 2793 220 2854 tione.
246 2793 290 2854 Et
313 2792 357 2854 sic
381 2793 536 2861 dicuntur
558 2795 600 2854 ad
633 2792 859 2874 Quaestionem
899 2795 974 2856 duae
1007 2793 1091 2856 Con-

121 2898 293 2961 clusiones.
318 2900 447 2971 Prima,
472 2901 562 2981 quod
587 2903 679 2963 Deus
703 2920 769 2963 non
795 2899 894 2962 habet
924 2899 1090 2961 scientiam

122 3005 337 3068 necessariam
363 3007 404 3068 de
427 3006 693 3089 contingentibus
724 3008 912 3069 necessitate
942 3006 1092 3068 absoluta

122 3113 175 3174 vel
199 3112 396 3193 simpliciter3
419 3113 569 3186 secunda,
586 3114 677 3194 quod
695 3115 785 3177 Deus
802 3113 900 3176 habet
923 3113 1089 3176 scientiam

122 3219 337 3282 necessariam
366 3221 407 3281 de
433 3221 698 3302 contingentibus
714 3221 902 3284 necessitate
917 3241 960 3282 ex
983 3241 1099 3301 suppo-

121 3325 240 3388 sitione
263 3327 313 3387 vel
337 3326 568 3389 conditionata.

192 3538 355 3604 Prima
385 3539 618 3606 Conclusio
649 3541 806 3622 probatur
829 3542 891 3606 sic:
925 3537 1011 3606 Nihil
1042 3551 1092 3604 est

120 3644 311 3726 simpliciter
327 3645 553 3721 necessarium,
577 3649 667 3728 quod
691 3648 732 3709 de
756 3649 944 3710 necessitate
971 3669 1096 3730 suppo-
