2684 4209
376 271 562 340 D1sr1ncr.
588 277 633 339 111
658 275 808 356 Qunss.
833 279 882 342 IV
1033 295 1095 360 109

153 480 254 543 lectus
277 480 377 542 habet
399 481 566 561 objectum
595 501 738 564 praesens
769 483 900 564 propria
932 484 1122 565 praesentia-

154 588 255 662 litate;
280 587 337 648 sed
361 587 423 650 hoc
448 607 513 650 non
537 596 586 650 est
617 587 676 650 nisi
708 609 764 670 per
792 589 949 671 speciem
980 610 1060 672 ergo
1083 591 1119 653 in

153 694 316 758 intellectu
340 703 388 755 est
412 693 564 775 ponenda
586 695 719 776 species,

219 801 304 862 Dico
326 821 407 883 ergo
429 801 519 882 quod
543 801 575 863 in
591 801 754 864 intellectu
771 811 848 866 sunt
864 804 1029 884 ponendae
1047 823 1123 885 spe-

153 909 226 982 ciffi,
251 907 397 970 maxime
419 907 553 988 quando
576 917 819 989 cognoscuntur
842 909 951 990 aliqua
982 909 1114 990 objecta

152 1015 353 1078 abstractiva
382 1013 572 1096 cognitione,
608 1014 686 1096 quia
715 1024 794 1079 tunc
824 1016 979 1098 supplent
1010 1017 1115 1079 vicem

155 1122 283 1203 objecti.

222 1228 265 1292 Si
290 1249 364 1290 nera
396 1227 547 1310 obji'cias:
576 1228 741 1309 pluralitas
776 1249 841 1292 non
877 1239 926 1292 est
963 1229 1122 1312 ponenda

154 1337 222 1399 sine
238 1334 440 1408 necessitate;
458 1334 583 1396 sedhic
607 1336 695 1397 nulla
717 1345 766 1397 est
779 1336 950 1398 necessitas
974 1336 1119 1417 ponendi

155 1444 296 1525 speciem
327 1442 359 1504 in
390 1441 564 1513 intellectu,
589 1441 665 1523 quia
699 1442 858 1523 quidquid
893 1441 930 1504 fit
964 1463 1121 1524 peream

155 1559 263 1632 potest
287 1547 353 1611 fieri
377 1569 433 1630 per
464 1547 675 1630 phantasma;
698 1569 778 1630 ergo
802 1569 868 1611 non
892 1557 942 1611 est
965 1550 1119 1630 ponenda
1227 1551 1232 1558 '

155 1657 277 1738 species
293 1657 326 1719 in
342 1655 514 1718 intellectu.
539 1691 583 1702 -
610 1655 793 1736 Respondet
824 1656 914 1737 quod
947 1655 1121 1719 necessitas

156 1763 298 1845 ponendi
330 1762 470 1844 speciem
502 1762 589 1824 illam
613 1770 662 1824 est
685 1762 822 1843 duplex:
853 1762 926 1825 llria
948 1783 992 1824 ex
1027 1773 1123 1844 parte

156 1880 282 1932 naturae
313 1869 462 1942 hominis
487 1869 573 1950 quia,
600 1879 634 1931 ut
657 1869 855 1950 arguebatur
879 1870 911 1931 in
943 1868 1048 1951 prima
1072 1890 1122 1930 ra-

155 1977 253 2056 tione,
278 1997 335 2058 per
366 1976 505 2057 speciem
537 1996 612 2057 quae
635 1986 685 2038 est
719 1976 752 2037 in
787 1975 1017 2057 phantasmate
1051 1997 1118 2038 non

155 2093 263 2166 potest
275 2083 452 2164 intelligere
472 2082 662 2144 universalia
686 2083 747 2144 sub
767 2083 891 2144 ratione
916 2083 1117 2145 universalis:

155 2191 226 2253 alia
262 2189 432 2252 necessitas
466 2200 515 2250 est
550 2198 682 2270 propter
716 2189 926 2250 eminentiam
962 2190 1118 2270 potentiae

155 2297 339 2380 superioris
367 2317 408 2358 ne
434 2295 648 2370 vilificaretur‚
674 2306 711 2358 ut
733 2296 889 2378 tangebat
913 2296 1032 2358 ultima
1064 2318 1119 2358 ra-

155 2405 222 2477 na,-
245 2413 325 2465 tunc
348 2402 435 2464 enim
467 2413 551 2465 esset
573 2401 696 2484 aliquid
719 2401 924 2483 perfectionis
947 2402 980 2464 in
1004 2411 1119 2483 poten-

156 2512 201 2574 tia
224 2509 373 2582 inferiori,
397 2509 488 2590 quod
524 2530 590 2572 non
613 2519 698 2572 esset
721 2509 753 2572 in
777 2509 923 2590 potentia
946 2509 1117 2590 superiori;

155 2628 188 2681 et
211 2616 357 2700 potentia
373 2615 518 2697 superior
534 2615 667 2678 haberet
691 2616 857 2696 objectum
875 2635 1018 2697 praesens
1032 2636 1124 2678 men2

155 2725 300 2787 dicatum
325 2743 345 2785 a
360 2722 506 2804 potentia
524 2721 673 2785 inferiori.

223 2826 289 2896 Ad
305 2829 477 2914 primam
505 2825 663 2895 alterius
693 2826 889 2914 opinz'anls
921 2829 995 2890 dico
1026 2829 1118 2908 quod

154 2937 188 2999 in
211 2944 329 3019 agente
352 2945 401 2998 est
422 2935 486 2996 dna
509 2936 723 3008 considerare,
754 2936 874 2997 scilicet
900 2934 1058 2997 rationem
1086 2956 1119 2996 a·

151 3044 264 3126 gentis
286 3051 319 3105 et
349 3042 506 3104 rationem
537 3042 682 3124 agendi·
714 3042 795 3103 ratio
825 3041 958 3122 quidem
991 3041 1118 3122 agentis

156 3159 205 3212 est
227 3150 459 3232 singularitas,
488 3149 568 3211 ratio
584 3159 694 3211 autem
710 3149 828 3230 agendi
844 3158 892 3210 est
909 3157 1024 3209 natura
1040 3168 1115 3228 quae

156 3258 198 3319 de
221 3277 255 3318 se
279 3277 341 3318 tran
365 3257 448 3319 dicit
468 3256 748 3338 singularitatem,
775 3266 807 3317 et
838 3255 910 3316 ideo
943 3274 1120 3335 repraesen-

156 3363 297 3425 tativum
321 3363 374 3424 illo
398 3363 541 3425 secundo
566 3362 666 3423 modo
691 3371 899 3442 repraesentat
916 3361 976 3422 sub
994 3361 1118 3422 ratione

158 3470 354 3532 universalis.
373 3470 541 3532 --Aliter
562 3469 688 3542 dicitur,
712 3477 745 3530 et
765 3469 888 3540 melius
906 3469 997 3549 quod
1014 3469 1121 3549 rrnrjirr

158 3586 208 3639 est
231 3597 307 3638 vera
330 3577 463 3658 quando
487 3575 787 3658 repraesentativum
804 3585 851 3636 est
867 3575 909 3637 ab
925 3576 1035 3656 aliquo
1052 3593 1117 3636 non

161 3693 239 3745 uta
263 3703 359 3745 causa
376 3683 531 3764 partiali,
559 3684 615 3745 sed
640 3692 676 3744 ut
698 3703 718 3744 a
741 3703 837 3744 causa
861 3683 964 3744 totali.
