2684 4209
218 252 278 329 138
488 249 563 312 Lrn.
587 250 602 312 Ι
626 249 921 314 Snnrnnrrnnorr
951 302 954 311 .

191 463 387 545 perfectione
409 464 596 545 simpliciter
603 486 610 541 ;
634 484 715 545 ergo
738 463 916 545 intelligere
938 462 1015 524 dicit
1030 460 1138 544 perfec

187 571 310 634 tionem
335 571 531 652 simpliciter.

251 678 310 740 Ad
321 689 551 760 argumentum
568 686 678 740 autern
689 677 810 758 prime
824 676 996 758 opinionis,
1015 677 1154 758 quando

184 785 300 846 dicitur
323 785 413 867 quod
437 784 592 866 potentiae
609 785 856 866 distinguuntur
872 805 929 866 per
952 793 1052 857 actus,
1073 783 1148 845 dico

183 892 273 974 quod
304 892 389 953 actio
420 891 452 954 in
484 892 637 954 creaturis
668 912 735 953 uno
769 892 870 953 modo
901 890 1056 972 accipitur
1087 911 1150 971 pro

184 999 311 1060 actione
335 999 375 1060 de
395 1020 514 1080 genere
536 999 685 1070 actionis,
714 999 778 1060 alio
802 999 902 1061 modo
926 1018 986 1079 pro
1008 1006 1082 1059 actu
1101 1017 1150 1058 se-

184 1105 294 1167 cundo
318 1105 373 1186 qui
397 1114 447 1168 est
470 1105 510 1166 de
529 1126 647 1186 genere
658 1105 841 1186 qualitatis.
864 1105 947 1166 Dico
963 1124 1042 1185 ergo
1057 1103 1148 1185 quod

185 1211 279 1274 unius
293 1213 447 1294 potentiae
464 1221 514 1274 est
527 1233 610 1273 unus
622 1223 723 1283 actus,
748 1213 939 1294 accipiendo
959 1222 1066 1273 aclrrm
1087 1230 1147 1292 pro

183 1320 285 1381 altero
309 1319 445 1381 istorum
461 1320 651 1394 modorum
666 1329 776 1380 tamen
789 1320 885 1381 unius
901 1319 1055 1399 potentiae
1076 1337 1148 1398 pos-

183 1434 259 1486 sunt
282 1446 351 1488 esse
374 1426 441 1487 duo
468 1434 560 1488 actus
591 1447 732 1508 quorum
765 1447 850 1488 unns
879 1425 1151 1505 corresponderet

183 1533 269 1594 actui
286 1533 327 1594 de
338 1553 455 1614 genere
470 1533 617 1606 actr'erris,
630 1542 663 1595 et
686 1534 772 1594 alter
793 1533 1044 1614 correspondeat
1060 1529 1146 1593 actui

183 1639 224 1700 de
242 1660 360 1720 genere
382 1639 576 1720 qualr'tatr's,·
600 1649 633 1702 et
656 1638 701 1701 sic
724 1650 773 1702 est
798 1640 830 1701 in
859 1638 1036 1721 proposito,
1067 1637 1144 1718 quia

182 1746 286 1809 dicere
309 1747 539 1827 correspondet
562 1747 647 1809 actui
673 1747 714 1808 de
733 1768 851 1828 genere
873 1745 1021 1817 actionis,
1049 1757 1081 1807 et
1098 1746 1149 1807 ire·

182 1853 327 1934 tellr'gere
350 1854 583 1934 correspondet
617 1853 703 1914 actui
739 1854 780 1915 de
810 1874 929 1935 genere
961 1852 1143 1935 qualitatis.

183 1959 337 2022 Concedo
360 1981 440 2040 ergo
463 1960 552 2040 quod
576 1960 679 2022 Pater
696 1970 830 2040 generet
860 1960 984 2022 Filium
1016 1959 1146 2021 volens:

182 2067 238 2128 sed
263 2066 314 2129 hic
337 2076 413 2128 sunt
447 2075 511 2128 tres
548 2067 635 2128 modi
666 2067 812 2128 dicendi:
848 2067 938 2130 (leus
967 2066 1147 2128 corrrrrrurrr's

182 2171 343 2234 videlicet:
368 2173 458 2252 quod
482 2173 576 2234 Pater
600 2173 713 2253 genuit
738 2172 856 2234 Filium
889 2173 1001 2234 volens
1031 2172 1144 2234 volun·

181 2287 247 2340 tate
270 2289 483 2360 consequente,
511 2280 567 2340 sed
592 2299 656 2340 non
682 2281 850 2341 voluntate
872 2280 1082 2341 antecedente.
1099 2314 1145 2325 —

182 2385 280 2446 Alius
304 2387 416 2447 rnedrrr
438 2386 565 2447 dicendi
589 2394 638 2448 est
662 2406 718 2467 per
742 2386 993 2459 distinctionem,
1007 2385 1083 2467 quia
1110 2385 1145 2464 ly

182 2492 347 2553 voluntate
370 2500 477 2573 potest
500 2492 599 2554 teneri
624 2493 674 2554 vel
698 2491 841 2554 ablative
865 2492 896 2554 in
922 2492 1045 2553 ratione
1061 2493 1151 2573 prin·-

180 2598 264 2680 cipit,
297 2600 346 2660 vel
382 2598 632 2670 adverbialiter,
660 2609 692 2660 et
722 2599 853 2678 primus
885 2599 1065 2661 intellectus
1095 2607 1145 2660 est

181 2704 288 2778 salsus,
312 2707 469 2767 secundus
493 2727 596 2780 verus
622 2706 741 2767 scilicet
766 2707 859 2767 Pater
883 2705 996 2786 genuit
1025 2704 1145 2766 Filium

180 2813 357 2885 voluntate,
383 2813 464 2873 idest
488 2813 627 2874 volitive.
652 2849 697 2859 -
727 2813 853 2874 Tertius
881 2813 993 2874 ruodus
1017 2810 1144 2874 dicendi

179 2930 228 2980 est
252 2918 350 2991 Scoti,
375 2920 465 2999 quod
490 2920 582 2980 Pater
606 2920 712 3002 gignit
729 2919 848 2981 Filium
865 2919 977 2981 volens
998 2919 1061 2981 hoc
1078 2939 1146 2980 mo

180 3026 232 3097 dn,
258 3025 334 3106 quia
358 3025 389 3086 in
408 3026 517 3105 primo
540 3026 635 3106 segne
666 3026 808 3107 originis.
841 3027 935 3087 Pater
967 3024 1142 3086 formaliter

180 3132 337 3214 intelligit,
362 3141 395 3194 ct
418 3142 496 3193 tunc
527 3132 623 3194 ctiam
656 3143 764 3214 potest
800 3132 918 3194 habere
948 3142 1059 3194 actum
1091 3153 1147 3192 vo·

179 3239 279 3312 lendi;
305 3238 336 3298 in
361 3239 496 3300 secunde
519 3249 629 3300 autem
653 3240 748 3320 signo
772 3239 904 3320 originis
928 3239 1022 3300 Pater
1039 3237 1146 3319 gignit

179 3343 308 3416 Filium,
333 3354 365 3405 et
389 3345 463 3406 vnlt
485 3345 571 3406 illam
596 3345 810 3426 gignitionem
843 3344 997 3406 volitione
1029 3344 1140 3405 habita

178 3451 210 3512 in
229 3452 339 3532 prime
361 3451 459 3532 signo
483 3451 625 3532 originis

245 3555 303 3624 De
325 3555 488 3624 secundo
518 3563 644 3624 autern
675 3553 786 3624 dubio
818 3557 850 3619 in
883 3558 945 3619 isto
976 3557 1140 3630 Articuln

177 3664 296 3726 scilicet
320 3663 345 3725 si
370 3664 463 3725 Pater
492 3665 643 3745 producit
674 3664 794 3725 Filium
826 3664 994 3726 voluntate
1025 3664 1057 3726 in
1091 3684 1146 3725 ra-

1327 634 1329 725 t
