2684 4209
438 179 622 245 Drsrrucr.
647 180 761 245 XVIII
786 180 964 263 (211AEer
1092 199 1156 266 237

281 387 396 451 Primo
419 389 480 453 sic:
504 388 649 453 Termini
674 398 783 451 motus
803 398 880 452 sunt
902 389 1185 472 incompossibiles

213 512 258 554 ex
277 511 312 578 5.
337 494 429 577 Phys
437 520 453 571 ,·
478 497 535 559 sed
559 496 700 560 charitas
731 497 919 577 praecedens
941 505 990 559 est
1021 496 1181 561 terminus

213 622 329 682 aquo,
358 612 390 665 et
422 604 543 686 gradus
574 602 630 685 qui
661 601 838 685 acquiritur
868 612 917 665 est
946 604 1105 667 terminus
1135 605 1189 667 (ια’

212 728 329 789 quem,⁸
353 728 432 791 ergo
465 730 541 772 cum
566 710 625 772 iste
655 709 843 791 acquiritur,
875 710 1064 792 praecedens
1094 720 1183 773 tota—

214 814 284 877 liter
308 816 537 898 corrumpitur.

282 919 427 985 Sccundo
450 923 511 985 sic:
538 922 630 986 Sicut
652 921 830 1003 acquiritur
845 922 933 984 aliud
956 930 989 985 et
1012 923 1100 986 aliud
1123 924 1186 987 ubi

213 1027 245 1089 in
271 1036 362 1090 motu
388 1028 490 1104 locali,
515 1029 560 1091 sic
584 1029 665 1091 alius
693 1038 726 1091 et
748 1028 829 1090 alius
853 1029 975 1111 gradus
1005 1029 1037 1093 in
1062 1028 1180 1093 sormae

213 1133 394 1197 intensione
421 1136 472 1197 vel
503 1135 789 1218 augmentatione;
821 1136 877 1197 sed
902 1135 934 1198 in
967 1146 1059 1199 motu
1084 1137 1177 1199 locali

212 1238 268 1302 ubi
291 1262 312 1302 a
335 1262 396 1323 quo
411 1241 553 1303 totaliter
577 1241 751 1304 dimittitur
766 1262 843 1303 cum
867 1241 925 1304 ubi
945 1241 994 1306 ad
1013 1263 1107 1324 quem
1123 1263 1181 1305 ac·

212 1347 368 1427 quiritur;
392 1367 481 1430 ergo.

284 1452 404 1517 Contra
432 1454 530 1517 istam
554 1454 734 1536 opinionem
767 1455 914 1537 arguitur
945 1455 1177 1537 multipliciter.

279 1560 394 1624 Primo
418 1561 479 1623 sic:
505 1561 542 1623 In
560 1560 773 1625 Sacramento
788 1561 896 1624 altaris
919 1562 1049 1624 variatis
1072 1570 1105 1625 et
1127 1562 1179 1625 in-

213 1668 339 1729 novatis
362 1688 405 1729 ex
429 1677 500 1730 toto
523 1667 703 1750 speciebus,
731 1668 849 1731 desinit
872 1668 915 1730 ibi
946 1689 1016 1731 esse
1047 1668 1180 1751 Corpus

213 1772 349 1851 Christi;
381 1776 437 1837 sed
469 1775 650 1837 secundum
681 1775 777 1837 istam
809 1775 1008 1857 opinionem,
1046 1776 1176 1839 modica

212 1882 478 1963 augmentatione
510 1881 596 1944 sacta
627 1890 801 1964 generatur
831 1902 918 1944 nova
947 1882 1112 1963 quantitas
1142 1892 1176 1945 et

211 1988 431 2070 corrumpitur
447 1989 654 2070 praecedens;
678 2009 758 2070 ergo
781 1989 891 2050 statim
908 1988 1025 2051 desinit
1048 1989 1090 2051 ibi
1107 2009 1180 2052 esse

212 2094 340 2176 Corpus
375 2094 504 2169 Christi,
540 2094 710 2177 speciebus
750 2095 916 2157 modicum
958 2095 1175 2170 condensatis,

210 2202 299 2282 quod
324 2210 374 2264 est
397 2201 636 2264 inconveniens.

279 2306 424 2370 Secundo
447 2308 508 2370 sic:
526 2308 670 2371 Ponatur
686 2308 778 2389 quod
797 2308 885 2370 calor
900 2309 1081 2371 secundum
1097 2328 1179 2389 qua-

209 2422 284 2476 tuor
308 2414 430 2495 gradus
453 2413 494 2476 sit
517 2414 549 2476 in
572 2414 682 2496 aliquo
699 2414 854 2500 subjecto,
879 2423 978 2478 etex
1000 2415 1063 2477 alia
1083 2424 1178 2497 parte

210 2518 312 2601 srigus
336 2520 549 2583 circumstans
565 2529 755 2602 corrumpat
775 2530 904 2583 tantum
922 2542 1025 2583 unum
1050 2521 1091 2583 de
1114 2520 1175 2583 iilis

210 2627 381 2709 gradibus;
413 2636 492 2691 tunc
526 2648 640 2710 quaero
676 2628 717 2690 de
746 2627 849 2690 tribus
885 2627 1039 2709 gradibus
1073 2648 1178 2690 rema-

209 2734 371 2809 nentibus,
396 2735 472 2816 quia
503 2742 560 2796 aut
591 2743 667 2797 sunt
698 2743 772 2797 actu
804 2734 837 2796 in
868 2734 975 2797 calore
1007 2743 1043 2796 ut
1074 2734 1172 2817 prius,

209 2849 267 2903 aut
289 2841 462 2922 acquirunt
486 2841 527 2903 de
550 2862 638 2904 novo
661 2861 740 2903 esse.
765 2840 799 2905 Si
816 2842 928 2922 primo
958 2840 1060 2916 modo,
1092 2862 1173 2924 ergo

208 2968 275 3010 non
311 2948 417 3011 solum
457 2948 709 3011 continebantur
744 2948 833 3031 prius
867 2948 900 3011 in
934 2947 1053 3010 virtute
1090 2948 1177 3011 illius

209 3054 315 3136 quarti
329 3055 450 3136 gradus
474 3053 688 3136 perfectionis.
714 3054 749 3119 Si
772 3064 883 3118 autem
911 3055 1048 3118 secundo
1070 3055 1172 3130 modo,

207 3169 287 3223 tunc
303 3181 417 3243 quaero
441 3182 460 3223 a
476 3181 544 3242 quo
559 3161 735 3243 acquirunt
751 3162 837 3224 istud
853 3182 978 3225 novum
1002 3182 1080 3237 esse,
1097 3162 1175 3243 quia

207 3266 260 3329 vel
284 3265 396 3350 frigus,
414 3267 503 3349 quod
527 3287 593 3330 non
610 3276 719 3350 potest
733 3289 803 3332 esse
818 3289 895 3331 curn
918 3269 961 3332 sit
982 3268 1172 3351 oppositum

207 3372 332 3449 caloris,
350 3374 400 3436 vel
424 3395 482 3455 per
504 3374 658 3438 virtutem
675 3375 760 3451 coeli,
784 3375 875 3457 quod
891 3396 957 3439 non
975 3384 1083 3458 potest
1105 3374 1173 3437 fieri

207 3501 285 3544 cum
310 3480 351 3544 sit
374 3501 471 3544 causa
494 3481 744 3546 indeterminata
766 3482 809 3545 ad
833 3481 934 3566 frigus
957 3492 991 3546 et
1013 3483 1173 3558 calorem,

206 3595 266 3651 aut
281 3608 338 3670 per
362 3587 461 3651 alium
486 3589 626 3652 calorem
651 3589 927 3672 praeexistentem,
956 3589 1046 3673 quod
1074 3589 1173 3651 etiam
