2684 4209
340 292 526 355 Drsrnrcr.
551 293 630 355 VIII
655 292 801 375 QnAEsr.
827 294 872 356 III
1015 296 1074 374 165

200 500 361 561 Praeterea
378 498 493 560 ultimo
516 498 661 580 arguitur
678 518 734 581 per
758 498 964 561 Avicennam
980 498 1013 561 8.
1031 500 1100 561 Me·

131 604 222 688 toph.
247 627 273 667 c.
297 623 345 689 4..·
370 604 509 667 Necesse
539 626 607 667 esse
638 626 704 667 non
735 614 783 667 est
814 605 847 667 in
879 626 1013 687 genere;
1042 606 1099 668 sed

133 712 225 775 Deus
249 720 298 774 est
322 732 450 774 necesse
473 732 559 786 esse;
583 733 662 795 ergo
687 732 752 774 non
776 721 824 773 est
848 712 879 774 in
904 732 1031 793 genere.

200 818 260 880 Ad
273 818 424 899 primum
448 818 577 880 alterius
600 818 770 900 opinionis,
794 818 868 880 dico
899 818 988 899 quod
1020 818 1100 881 Boe-

131 926 198 988 tius
234 946 301 987 non
334 924 427 1007 ponit
461 925 528 987 duo
561 946 679 1006 genera
710 925 741 987 in
773 926 898 999 divinis,
930 925 986 987 sed
1009 925 1100 987 'duos

132 1032 252 1095 modos
275 1031 476 1114 praedicandi
500 1032 619 1093 scilicet
643 1032 685 1094 ad
709 1052 751 1105 se,
776 1032 873 1093 etad
897 1031 993 1093 aliud.

202 1138 260 1200 Ad
275 1138 454 1201 secundum
474 1138 547 1200 dico
567 1139 656 1219 quod
674 1160 826 1201 mensura
837 1148 885 1201 est
902 1138 1035 1220 duplex,
1053 1137 1100 1199 in·

130 1246 272 1308 trinseca
295 1254 327 1307 et
343 1246 534 1307 extrinseca.
560 1246 742 1308 Intrinseca
758 1246 840 1308 bene
863 1255 911 1308 est
934 1246 966 1307 in
982 1245 1099 1307 eodem

134 1372 255 1434 genere
278 1372 354 1413 curn
380 1362 575 1425 mensurato,
600 1353 656 1414 sed
690 1353 872 1415 extrinseca
907 1372 982 1413 non.
1009 1351 1100 1413 Deus

132 1467 246 1520 autem
286 1467 335 1520 est
371 1477 523 1521 mensura
556 1459 738 1521 extrinseca
772 1458 1036 1531 substantiarum,
1068 1466 1100 1519 et
1142 1533 1146 1538 Ι

135 1585 201 1627 non
226 1565 408 1627 intrinseca.
814 1554 820 1569 ’

203 1671 263 1733 Ad
283 1672 415 1734 tertium
432 1671 505 1734 dico
529 1673 618 1754 quod
635 1672 756 1755 Angeli
781 1693 846 1736 non
871 1673 992 1735 habent
1012 1673 1099 1734 illam

132 1778 379 1860 simplicitatem
411 1798 512 1859 quarn
545 1779 636 1841 Deus
659 1778 773 1853 habet‚’
792 1781 867 1861 quia
891 1781 923 1841 in
946 1781 991 1842 eis
1014 1779 1100 1841 cadit

131 1884 330 1965 compositio
349 1906 391 1946 ex
415 1885 562 1966 subjecto
585 1895 616 1947 et
632 1887 808 1962 accidente,
832 1888 882 1949 vel
906 1908 949 1949 ex
966 1886 1100 1948 materia

130 2000 166 2053 et
191 1990 298 2054 forma
322 1992 502 2054 secundum
526 1992 660 2074 aliquos

204 2186 266 2249 An
305 2200 449 2250 Pnrnorr
489 2202 705 2251 Pnrncnnns
751 2190 825 2252 dico
863 2191 952 2271 quod
995 2191 1102 2272 masor

132 2302 244 2375 potest
269 2295 389 2375 negari,
422 2295 498 2375 quia
529 2295 697 2357 relationes
729 2296 860 2378 originis
891 2318 956 2359 non
988 2296 1100 2358 dicunt

131 2398 369 2482 perfectionem
393 2402 579 2483 simpliciter
595 2410 627 2463 et
650 2411 760 2465 tamen
783 2412 949 2484 ponuntur
965 2403 996 2465 in
1014 2403 1097 2465 Deo,

141 2506 204 2570 Vel
233 2506 333 2569 aliter
365 2516 472 2589 potest
517 2508 577 2569 dici
621 2510 711 2589 quod
753 2496 941 2591 simplicitas
972 2509 1100 2591 proprie

131 2622 271 2695 sumpta
295 2634 360 2675 non
384 2614 460 2676 dicit
478 2614 718 2695 perfectionem,
744 2625 779 2678 ut
803 2618 908 2698 patuit
931 2617 963 2677 in
987 2616 1101 2697 princi-

133 2720 193 2803 pio
217 2720 413 2801 quaestionis,
438 2722 494 2783 sed
518 2722 596 2784 dicit
607 2723 783 2784 carentiam
813 2724 919 2784 omnis
942 2723 1101 2804 composi-

131 2826 242 2899 tionis,
268 2826 311 2888 ita
335 2828 424 2908 quod
456 2828 578 2890 habens
608 2849 691 2902 eam,
716 2849 775 2891 nec
798 2838 846 2890 est
870 2830 1098 2911 compositum,

134 2953 198 2995 nec
221 2932 310 2995 alteri
327 2934 560 3016 componibile:
588 2936 722 2997 materia
737 2944 846 2998 autern
868 2936 1018 3017 quamvis
1034 2956 1099 2996 non

131 3041 175 3102 sit
201 3040 382 3121 composita
405 3062 448 3102 ex
473 3062 506 3103 re
528 3051 561 3103 et
586 3063 628 3115 re,
645 3051 694 3104 est
716 3051 827 3104 tamen
851 3042 940 3104 alteri
965 3063 1100 3123 compo-

132 3146 253 3209 nibilis.
