2684 4209
173 209 361 273 Drsrrucr.
385 210 531 273 XXVIII
554 220 586 273 et
610 211 724 274 XXIX
750 209 896 292 Qvnsr.
920 211 966 275 III
1010 228 1074 292 319

129 427 168 481 tu
192 427 423 492 creaturarum,
447 439 596 500 personae
612 429 688 482 sunt
704 419 898 502 principium
923 427 956 481 et
985 439 1091 482 causa.

206 631 374 717 Quarta
404 632 644 706 Conclusio,
676 633 767 714 quod
798 632 992 714 principium
1031 632 1094 694 dic·

132 749 205 801 turn
241 740 282 802 de
316 739 474 822 principio
503 740 546 802 ad
577 740 668 813 intra,
701 721 767 801 non
798 739 914 802 dicitur
945 739 1091 812 univoce,

130 846 210 928 quia
231 846 298 909 enti
335 825 411 908 reali
442 856 476 909 et
501 845 713 915 enti.‘rationi
730 845 808 908 nihil
843 855 891 908 est
918 843 1094 909 cornmune

132 953 327 1028 univocum;
351 953 408 1016 sed
431 952 626 1035 principium
642 954 685 1015 ad
712 953 795 1015 intra
810 952 888 1015 dicit
904 953 1092 1015 relationem

132 1060 261 1134 realem,
287 1058 481 1141 principium
497 1068 607 1121 autem
623 1061 665 1122 ad
681 1069 775 1122 extra
803 1059 880 1121 dicit
902 1059 1091 1121 relationem

131 1166 272 1240 rationis,
298 1175 335 1228 ut
357 1188 414 1248 per
437 1166 631 1249 principium
655 1166 810 1248 accipitur
823 1165 998 1242 habitudo;
1011 1186 1091 1247 ergo

130 1272 327 1354 principium
352 1293 417 1335 non
441 1273 557 1334 dicitur
581 1273 718 1335 univoce
748 1273 789 1335 de
812 1272 865 1335 eis.
895 1273 1012 1334 Minor
1033 1292 1089 1353 pa·

127 1389 185 1454 tet,
210 1379 286 1461 quia
309 1379 372 1442 Dei
394 1380 436 1441 ad
460 1388 640 1441 creaturam
665 1399 730 1442 non
754 1389 803 1442 est
826 1364 937 1442 relatio
960 1379 1062 1440 realis.

203 1593 367 1679 Quinta
397 1592 628 1660 Conclmt'o
650 1593 740 1675 quod
757 1593 951 1675 principium
967 1593 1091 1655 dictum
1159 1595 1162 1600 '

129 1702 173 1762 de
197 1701 355 1782 principio
377 1702 419 1764 ad
430 1702 519 1763 intra
544 1710 690 1782 respectu
714 1699 929 1782 generationis
954 1698 1035 1772 Filii,
1060 1709 1092 1761 et

125 1808 170 1869 de
194 1807 352 1889 principio
375 1808 417 1869 ad
445 1808 528 1871 intra
560 1816 705 1888 respectu
737 1806 918 1888 spirationis
954 1804 1092 1895 Spiritus

128 1913 251 1987 Sancti,
275 1915 391 1977 dicitur
415 1915 561 1988 univoce,
586 1915 675 1996 quod
700 1914 856 1995 probatur
877 1913 938 1974 sic:
964 1912 1091 1974 Relatio

126 2030 243 2083 neutra
273 2017 419 2103 respectu
455 2022 638 2104 aliquorum
661 2020 869 2083 essentialiter
901 2019 1022 2082 inclusa
1058 2019 1090 2081 in

126 2129 176 2190 eis
188 2129 307 2191 dicitur
321 2129 457 2191 univoce
467 2150 474 2204 ;
491 2130 548 2191 sed
565 2128 759 2211 principium
776 2136 824 2189 est
841 2126 1037 2207 hujusmodi,
1055 2136 1091 2189 ut

126 2236 249 2298 dicitur
272 2237 313 2297 de
336 2235 494 2318 principio
514 2236 729 2317 generationis
746 2242 778 2296 et
798 2233 989 2314 spirationis,
1014 2233 1091 2314 quia

129 2352 239 2425 potest
261 2364 330 2404 esse
354 2353 440 2405 certa
456 2343 615 2405 certitudo
631 2323 672 2404 de
688 2341 845 2424 principio
873 2349 909 2403 ut
932 2340 976 2402 sic
1001 2341 1090 2422 igno-

131 2459 204 2512 rato
227 2460 337 2511 utrum
361 2450 402 2512 sit
425 2448 488 2511 hoc
511 2451 561 2511 vel
585 2450 664 2511 illud
688 2447 900 2531 principium;
925 2447 1023 2529 igitur
1046 2447 1090 2508 di-

123 2557 211 2618 citur
235 2556 373 2618 univoce
394 2557 436 2618 de
460 2556 522 2618 hoc
545 2557 641 2639 etde
665 2556 719 2617 illo
743 2554 910 2637 principio.

199 2769 259 2832 Ao
288 2783 550 2832 nnovunuruu
573 2783 612 2830 ru
636 2782 878 2833 cournnurvn
901 2768 975 2830 dico
998 2768 1088 2848 quod

123 2877 323 2959 principium
347 2877 378 2938 in
403 2877 476 2959 plus
499 2896 533 2938 se
556 2876 654 2938 habet
678 2895 777 2956 quarn
794 2895 901 2958 causa,
918 2875 994 2956 quia
1022 2894 1089 2935 orn-
1134 2941 1138 2950 ,

123 2985 178 3047 nis
200 3005 297 3046 causa
320 2983 527 3065 principium,
551 2984 607 3044 sed
631 3003 696 3045 non
721 3002 920 3044 econverso
939 2981 1017 3042 Ideo
1033 3000 1090 3061 po·

125 3093 214 3154 nitur
238 3091 269 3153 in
287 3090 360 3154 Deo
376 3091 457 3153 ratio
474 3090 620 3172 principii
636 3090 678 3151 ad
695 3089 778 3151 intra
794 3089 861 3150 sine
875 3088 997 3150 ratione
1013 3107 1089 3148 cau-

122 3219 183 3270 sae,
207 3198 283 3279 quia
306 3206 473 3260 causaest
496 3198 538 3259 ad
561 3196 712 3259 eflectum
736 3216 812 3258 curu
833 3195 1018 3257 diversitate
1034 3214 1088 3255 na-

122 3317 219 3367 turae.

568 3503 647 3607 ,Q
