2684 4209
225 269 268 349 76
462 269 538 333 L1n.
563 267 578 332 I
602 265 898 334 SENTENTmnvn

194 473 293 537 tiorze.
330 473 417 537 Nam
452 474 669 550 Parmenides,
704 483 742 538 ut
772 475 884 539 recitat
911 473 1160 540 Commentator

190 597 230 662 J.
254 579 440 664 Metaphys.
464 581 572 664 posuit
595 581 857 646 univocationem
888 581 920 644 in
947 582 1073 646 unitate
1102 599 1159 645 nu·
1222 637 1226 644 .

198 689 327 750 morali.
362 689 454 751 Plato
488 707 575 764 vero,
610 689 790 752 secundum
825 687 915 771 quod
945 688 975 751 ei
1004 687 1160 771 imposuit

199 793 424 877 Philosophus,
460 795 568 878 posuit
600 795 860 859 univocationem
892 795 924 858 in
954 795 1064 877 aliquo
1093 815 1157 859 uno

199 902 333 966 realiter
352 913 508 984 separato,
536 903 623 965 unde
638 903 818 966 secundum
834 902 942 984 ipsum
965 921 1079 965 omnes
1101 901 1158 966 ho·

200 1009 302 1072 mines
326 1009 540 1072 univocantur
570 1008 603 1071 in
633 1009 802 1091 quoddam
833 1008 966 1071 homine
995 1016 1155 1092 separato,
1259 1021 1262 1026 “

199 1135 297 1197 quem
322 1135 380 1198 per
402 1135 436 1178 se
459 1115 586 1179 dicebat
603 1113 780 1178 hominem.
798 1115 990 1178 Aristoteles
1005 1136 1083 1179 vero
1102 1136 1159 1198 po

197 1221 248 1284 nit
271 1222 533 1286 univocationem
556 1223 588 1284 in
611 1223 727 1304 aliqua
750 1243 829 1295 una,
857 1243 932 1285 nam
957 1221 1081 1285 ratione
1110 1242 1159 1286 so

202 1329 271 1392 lum
295 1337 443 1410 separata
466 1329 714 1392 abstrahibiliter
736 1338 769 1392 et
792 1329 1055 1413 conceptibiliter,
1078 1337 1111 1392 et
1132 1329 1159 1392 i·

200 1444 249 1499 sta
273 1445 464 1518 competunt
487 1436 562 1518 enti.
588 1436 632 1498 Et
655 1436 697 1499 ad
721 1435 784 1498 hoc
807 1444 855 1498 est
871 1436 1052 1499 notandum
1068 1436 1159 1518 quod

199 1541 281 1605 sicut
305 1551 502 1624 potestesse
525 1542 649 1626 duplex
673 1521 755 1605 ratio
778 1543 809 1605 in
833 1563 899 1624 qua
921 1543 1029 1624 aliqua
1043 1562 1160 1606 conve·

200 1648 302 1722 niunt‚
326 1649 370 1711 ita
395 1657 592 1732 potestesse
619 1650 744 1732 duplex
767 1649 966 1726 univocatio;
998 1669 1075 1712 nam
1105 1648 1159 1712 ali-

202 1775 268 1837 qua
291 1756 488 1818 conveniunt
504 1756 535 1818 in
552 1756 676 1820 ratione
691 1757 942 1830 transcendenti,
962 1757 1070 1838 aliqua
1085 1775 1160 1820 con·

198 1862 332 1925 veniunt
355 1862 387 1924 in
411 1863 535 1926 ratione
550 1863 854 1946 praedicamentali:
886 1863 959 1926 ideo
989 1873 1038 1927 est
1067 1883 1158 1945 quae·

201 1969 279 2032 dam
311 1969 494 2033 univocatio
516 1971 746 2034 transcendens
769 1979 802 2033 et
824 1972 977 2052 quaedam
1001 1970 1158 2052 praedica·

200 2076 362 2152 mentalis;
393 2086 425 2139 et
449 2077 564 2158 prima
595 2077 780 2140 univocatio
814 2078 965 2140 convenit
1000 2078 1076 2152 enti,
1111 2098 1158 2140 se·

200 2183 308 2245 cunda
332 2203 407 2245 non.
433 2183 477 2245 Et
508 2183 581 2247 ideo
611 2205 725 2247 omnes
755 2185 971 2258 auctoritates,
1003 2204 1078 2265 quae
1110 2204 1158 2247 re·

196 2299 334 2352 movent
365 2290 624 2353 univocationem
656 2291 698 2353 ab
728 2299 811 2365 ente,
841 2299 917 2353 sunt
940 2291 1158 2373 intelligendae

198 2395 242 2458 de
266 2397 492 2459 univocatione
515 2398 788 2479 praedicamentali
812 2406 844 2460 et
860 2417 925 2460 non
942 2398 982 2460 de
998 2407 1159 2462 transcen·

197 2502 296 2565 denti.

268 2699 332 2764 oe
361 2698 524 2784 Quarto
546 2701 746 2766 Annulo
768 2701 841 2764 dico
864 2701 946 2763 duas
969 2699 1158 2765 Conclusio-

196 2823 264 2866 ·nes.
289 2806 408 2868 Prima
431 2807 520 2887 quod
545 2807 728 2870 univocatio
751 2808 842 2880 entis,
866 2807 892 2870 si
908 2809 1040 2889 ponitur
1055 2809 1156 2884 realis,

196 2931 266 2973 non
290 2922 338 2974 est
362 2913 595 2995 compossibilis
618 2935 694 2976 cum
717 2914 876 2996 analogia.
902 2914 1052 2977 Secunda
1067 2916 1158 2997 quod

196 3019 383 3081 univocatio
406 3021 497 3093 entis,
522 3020 546 3082 si
570 3021 702 3102 ponitur
725 3041 782 3102 per
804 3021 1050 3084 indifferentiam
1068 3022 1158 3085 modi

195 3126 410 3207 concipiendi,
434 3127 516 3189 sicut
539 3135 588 3189 est
610 3128 797 3208 expositum
821 3128 853 3189 in
883 3128 977 3191 artic.
1003 3129 1153 3209 praeced„

197 3241 246 3294 est
269 3233 504 3314 compossibilis
527 3254 602 3296 cum
626 3234 785 3317 analogia.

262 3335 407 3406 Prima
435 3337 631 3408 Conclusio
654 3341 809 3422 probatur
832 3341 891 3404 sic:
924 3343 1006 3405 Esse
1035 3342 1158 3424 aliquid

187 3445 294 3526 plura
316 3447 509 3528 simpliciter
530 3457 561 3510 et
586 3469 687 3510 renum
710 3449 904 3530 simpliciter
924 3469 990 3512 non
1006 3458 1055 3511 est
1070 3469 1159 3513 com·

200 3552 365 3634 possibile;
390 3553 446 3616 sed
471 3553 655 3616 univocatio
679 3555 770 3617 realis
793 3555 870 3618 dicit
894 3557 1052 3619 tantitatem
1082 3556 1158 3619 sim·
