2684 4209
330 298 335 309 ,
403 210 876 321 Drs‘r1nc‘r.l<IQuesr.1
1022 212 1029 223 ’
1065 258 1130 321 ,193

190 428 432 533 praesupponit·
439 386 568 489 Filium.
594 427 659 491 Sed
683 375 806 509 aliquid
837 437 944 509 potest
967 448 1037 491 esse
1066 450 1152 513 prae·

119 580 134 598 .
189 534 398 616 suppositum
425 531 542 608 alteri,-
557 544 610 597 et
621 544 732 597 tamen
757 554 822 596 non
853 555 922 597 esse
953 535 1150 618 principium

94 728 104 739 .
189 642 420 723 productivum
444 634 623 728 perlectum
649 642 743 703 illius
822 652 842 681 ·'

255 746 418 815 Elz'deo·
424 742 625 815 adducitur
648 746 764 809 ultima
787 713 869 810 r'atio
891 748 977 829 talis:
1013 749 1150 813 Habens

190 855 383 937 principium
408 856 639 939 productivum
671 854 852 937 perlectum
887 856 1078 937 priusquam
1102 857 1151 919 in-

144 966 152 981 '
187 952 349 1043 telligatur
374 962 491 1024 habere
507 962 706 1043 productum
723 962 947 1043 adaquatum,
974 971 1082 1044 potest
1097 963 1152 1025 illo

188 1067 345 1149 principio
369 1069 556 1163 {poducere
583 1069 607 1129 si
633 1089 698 1130 non
716 1069 908 1149 dependeat,
925 1078 957 1131 et
981 1070 1005 1131 si
1029 1079 1079 1131 est
1095 1090 1148 1132 ne·

100 1182 106 1192 '
188 1188 275 1237 cesse
310 1196 387 1247 esse,
427 1176 605 1239 necessario
637 1176 800 1256 producit.
834 1175 898 1238 Sed
924 1176 1024 1237 Filius
1052 1175 1151 1239 habet

171 1278 383 1364 principium
408 1282 805 1373 productivum'Spiritus
820 1281 930 1345 Sancti
962 1284 1151 1365 priusquam

190 1384 385 1469 intelligatur
402 1390 598 1469 productum
616 1389 704 1469 poni,
721 1399 754 1450 et
776 1410 842 1450 non
859 1390 1030 1470 dependet.
1049 1390 1150 1471 Ergo

189 1496 306 1558 Minor
320 1505 417 1577 patet,
436 1516 511 1557 narn
529 1496 661 1575 spiratio
682 1497 908 1577 praesupponit
924 1497 1034 1578 aliquo
1051 1497 1151 1559 modo

188 1602 446 1685 generationem}
472 1604 503 1663 in
529 1602 583 1663 illo
614 1612 723 1663 autem
757 1603 855 1682 priori
886 1604 1150 1666 communicatur

189 1709 271 1771 Filio
303 1710 408 1771 omnis
439 1708 592 1790 perfectio
623 1710 772 1771 absoluta
803 1710 886 1771 sicut
915 1718 963 1771 est
994 1710 1146 1772 voluntas

144 1872 147 1881 .
171 1808 341 1878 'foecunda
365 1837 439 1897 quae
463 1826 511 1877 est
535 1816 729 1897 principium
755 1814 894 1897 Spiritus
918 1816 1038 1879 Sancti.

253 1941 466 2021 Assumptum
491 1941 605 2016 melius
632 1940 847 2002 declarabitur
871 1939 953 2001 infra
983 1941 1071 2003 Dist.
1096 1959 1149 2003 12.

188 2048 223 2109 in
238 2044 321 2133 fine.
347 2048 392 2109 Et
408 2068 494 2109 nunc
522 2048 680 2128 probatur
696 2048 835 2109 breviter
851 2047 911 2109 sic:
929 2047 1038 2109 Actus
1054 2048 1150 2129 primi

187 2154 320 2237 perfecti
345 2155 474 2235 qualem
500 2154 646 2215 ordinem
673 2154 794 2216 liabent
819 2154 900 2215 inter
924 2174 966 2226 se,
984 2155 1081 2215 talem
1099 2174 1151 2215 or-

187 2261 296 2323 dinem
323 2260 476 2323 habent
469 2281 501 2325 rn
526 2261 700 2322 eliciendos
723 2281 800 2323 suos
822 2270 923 2322 actus
950 2260 1046 2323 Sed'
1039 2281 1070 2322 rn
1094 2260 1152 2323 Pa·

169 2366 235 2430 ⁴tre
261 2344 442 2431 intellectus
474 2377 505 2429 et
540 2368 703 2464 voluutas
726 2376 802 2428 sunt
836 2366 969 2449 perlecti
992 2376 1094 2440 actus,
1118 2376 1151 2429 et

186 2474 308 2536 habent
332 2454 509 2555 queindam
534 2474 694 2547 ordinem,
717 2472 1002 2554 quialoecunditas
1029 2472 1151 2535 intelle-

185 2590 269 2665 ctus
281 2580 451 2643 constituit
476 2581 622 2643 Patrem·
640 2600 706 2642 non
729 2590 839 2642 autem
875 2579 1071 2642 foecunditas
1095 2602 1149 2642 vo

186 2686 328 2750 luntatis.
358 2688 458 2769 Ergo
494 2722 538 2737 -··
567 2685 791 2770 Confirmatur
817 2687 864 2749 ab
887 2687 972 2748 aliis:
997 2686 1075 2768 quia
1108 2687 1150 2749 si-

129 2794 137 2807 '
185 2804 242 2857 cut
265 2794 346 2856 velle
369 2795 411 2856 ad
428 2793 621 2877 intelligere,
638 2794 684 2857 ita
707 2793 828 2875 spirare
844 2794 884 2855 ad
902 2813 1072 2880 generare3
1089 2794 1150 2856 sed

185 2901 267 2979 velle
291 2901 469 2968 necessario
493 2900 719 2982 praesupponit
747 2899 941 2991 intelligere;
965 2920 1046 2982 ergo
1081 2900 1148 2982 spi·

94 3004 102 3016 '
186 3027 256 3070 rare
278 3008 527 3090 praesupponit
536 3026 699 3089 generare.

205 3298 210 3308 ¹
235 3222 318 3288 -Be
343 3220 470 3301 lertio
502 3220 714 3303 Arle'culo,
739 3194 952 3303 ad'pnimum
986 3220 1151 3301 opinionis

146 3307 150 3316 ³
185 3326 378 3391 Graecorum
411 3334 549 3410 negatu'r
584 3329 700 3410 ruosur,
724 3349 800 3389 nam
826 3327 994 3391 Christum
1019 3327 1151 3389 descen·

182 3434 268 3498 disse
291 3436 332 3497 ad
356 3434 479 3497 inferna
502 3435 731 3497 caramentes
750 3414 851 3507 ,fidei
875 3444 908 3496 et
941 3442 1053 3495 tamen
1082 3453 1148 3495 non

121 3572 127 3588 .
183 3550 233 3604 est
255 3526 428 3623 expressus
444 3542 476 3607 in
494 3541 685 3625 Evangelio
710 3543 797 3606 unde
812 3535 916 3605 multa
928 3540 1050 3619 ‚tradita
1071 3549 1148 3603 sunt

183 3669 258 3731 quae
283 3669 349 3711 non
373 3658 449 3719 sunt
472 3632 624 3730 expressa
648 3648 680 3711 in
698 3648 888 3730 Evangelio,
905 3656 938 3709 et
965 3647 1026 3709 ista
1043 3646 1150 3708 multa

1068 3774 1093 3818 lo
