2684 4209
358 255 546 322 Drsrrncr.
571 256 603 319 X
628 254 776 338 QuAEsn
800 258 816 321 1
1044 263 1103 339 183

163 458 347 541 gnitionem
371 462 567 537 sensitivam,
593 463 636 526 ita
659 464 825 545 appetitus
849 464 1061 528 intellectivus
1084 487 1131 529 se

164 566 274 647 quitur
296 568 518 649 cognitionem
536 569 782 644 intellectivam
799 571 856 633 sed
879 571 1066 655 ubicunque
1081 583 1130 635 est

164 692 285 747 sensus,
303 673 345 735 ibi
369 683 417 737 est
432 675 598 757 appetitus
618 676 799 751 sensitivus,
816 698 859 739 ex
882 697 913 740 2.
930 679 969 741 de
983 678 1128 752 Am'mm

166 798 247 861 ergo
270 779 459 862 ubicunque
482 781 673 855 intellectus,
704 783 748 845 ibi
772 793 822 846 est
852 785 1017 866 appetitus
1040 785 1131 847 intel-

166 884 300 948 lectivus
325 886 392 949 sive
415 887 575 951 voluntas.
609 888 674 953 Sed
699 890 731 952 in
757 890 830 952 Deo
863 900 912 953 est
935 891 1130 966 intellectus;

163 1012 244 1075 ergo
268 1002 317 1055 est
345 993 377 1055 in
402 1014 441 1055 eo
464 996 624 1057 voluntas.

232 1206 296 1273 oe
321 1208 512 1275 secundo
542 1207 744 1276 Arlt'culo
767 1220 856 1293 patet
879 1212 955 1275 satis
978 1233 1036 1294 per
1068 1211 1132 1276 hoc

161 1312 253 1395 quod
277 1313 403 1376 dictum
427 1325 476 1377 est
505 1336 604 1399 supra
636 1315 725 1381 Dist.
747 1336 779 1381 2.
810 1327 921 1401 qucest.
946 1320 1005 1382 ult,
1034 1330 1096 1383 art.
1095 1338 1130 1400 3.

164 1420 307 1502 Require
330 1420 384 1482 ibi.

237 1638 299 1704 Be
311 1636 440 1703 tertio
450 1637 652 1704 Articulo
666 1638 747 1701 dicit
758 1660 823 1701 una
835 1639 946 1721 opinio
968 1641 1059 1722 quod
1081 1662 1131 1703 es-

165 1746 273 1807 sentia
304 1744 412 1806 divina
444 1753 494 1806 est
529 1744 756 1807 immediatum
787 1746 980 1828 principium
1013 1746 1129 1810 harum

164 1852 431 1933 productionum‚
454 1850 574 1913 scilicet
594 1852 811 1934 generationis
834 1862 866 1914 et
889 1853 1080 1933 spirationis,
1097 1864 1130 1916 et

164 1957 210 2020 sic
235 1957 372 2039 Spiritus
397 1956 535 2021 Sanctus
559 1958 710 2040 producit
728 1959 915 2021 immediate
939 1968 1129 2041 peractum

164 2072 301 2126 naturae.
329 2062 429 2145 Quod
452 2073 563 2127 autern
593 2066 731 2127 essentia
761 2065 871 2128 divina
893 2066 934 2128 sit
966 2066 1132 2130 immedia-

164 2179 238 2233 tum
262 2169 458 2252 principium
483 2170 599 2233 harum
624 2172 889 2254 productionum,
915 2173 1085 2254 probatur:

232 2277 348 2339 Primo
364 2278 422 2339 sic:
441 2276 652 2341 Foecunditas
673 2280 705 2340 in
729 2278 845 2341 divinis
867 2280 1131 2361 proportionetur

166 2391 372 2455 loecunditati
388 2392 420 2453 in
436 2394 603 2468 creaturis;
621 2394 678 2455 sed
702 2394 734 2455 in
746 2394 911 2456 -creaturis
936 2392 1133 2457 loecunditas

167 2508 216 2562 est
240 2520 297 2581 per
320 2498 441 2582 aliquid
458 2500 546 2582 prius
571 2500 602 2561 in
619 2500 781 2562 intellectu
804 2511 837 2562 et
852 2502 1030 2575 voluntate,
1055 2502 1131 2583 quia

166 2606 320 2669 convenit
342 2606 504 2688 aliquibus
527 2626 602 2687 quae
627 2615 738 2668 carent
768 2606 930 2669 intellectu
963 2618 996 2670 et
1018 2608 1132 2670 volun·

164 2721 233 2775 tate
242 2734 250 2787 ;
285 2733 365 2795 ergo
400 2711 596 2776 foecunditas
627 2713 659 2775 in
692 2714 808 2776 divinis
837 2723 886 2776 est
921 2735 978 2796 per
1009 2714 1131 2797 aliquid

165 2821 255 2902 prius
271 2819 303 2881 in
328 2820 491 2883 intellectu
507 2828 540 2882 et
556 2820 727 2882 voluntate
733 2840 740 2895 ;
758 2821 814 2882 sed
830 2819 910 2883 illud
933 2830 981 2883 est
1004 2830 1130 2898 natura;

164 2946 255 3009 ergo,
280 2935 342 2989 etc.

233 3032 381 3097 Secundo
411 3034 471 3097 sic:
504 3034 579 3097 Istae
611 3033 843 3115 productiones
875 3043 951 3097 sunt
981 3034 1131 3097 determi-

166 3148 252 3202 natae
277 3140 319 3201 ad
351 3161 469 3216 unum;
502 3160 581 3222 ergo
612 3129 735 3202 habent
758 3140 953 3223 principium
978 3141 1130 3204 determi-

165 3254 284 3308 natum
308 3246 350 3308 ad
373 3266 487 3309 unum.
521 3247 586 3311 Sed
617 3246 799 3309 intellectus
821 3256 854 3309 et
876 3248 1028 3310 voluntas
1050 3268 1130 3309 cum

164 3352 230 3415 sint
252 3352 408 3434 potentiae
425 3354 596 3415 rationales
612 3373 679 3415 non
695 3334 952 3416 determinantur
968 3354 1010 3416 ad
1027 3375 1131 3417 unum

162 3458 243 3541 quia
266 3461 375 3522 valent
398 3461 440 3523 ad
469 3460 620 3543 opposita
644 3481 701 3543 per
732 3459 970 3542 Philosophum
1002 3480 1036 3543 9.
1059 3462 1132 3524 Me·

163 3564 271 3648 toph„
299 3576 415 3630 natura
438 3576 549 3630 autem
566 3568 800 3630 determinatur
826 3568 868 3630 ad
893 3587 1013 3643 unum;
1040 3588 1131 3650 ergo,

239 3672 343 3737 Tertio
374 3674 432 3737 sic:
457 3674 518 3737 Per
541 3672 698 3757 principia
729 3674 846 3736 harum
877 3674 1132 3756 productionum
