2684 4209
242 230 307 291 224
485 215 558 285 Lm.
584 217 598 278 Ι
622 216 914 283 Ssursurraauu

1126 340 1183 351 .—

217 422 304 483 valet
338 442 458 503 ponere
488 420 690 496 charitatem,
729 424 805 505 quia
829 425 979 487 voluntas
1001 446 1045 488 ex
1068 447 1102 490 se
1125 448 1187 509 po-

217 537 280 591 test
303 528 426 591 moveri
450 530 492 591 ad
517 529 719 611 diligendum
744 529 867 593 bonum
900 532 960 594 sibi
983 541 1162 597 ostensum.

290 635 394 698 Tertio
417 636 476 698 sic:
502 636 634 699 Habens
658 635 806 700 habitum
832 638 933 700 utitur
961 658 1001 701 eo
1024 660 1101 702 cum
1125 661 1185 703 vo·

218 742 320 815 luerit,
345 764 401 824 per
426 742 610 805 Comment.
631 760 665 822 5.
690 744 729 805 de
756 744 905 817 Antium
937 745 993 807 sed
1027 765 1092 809 non
1124 768 1183 808 ex·

217 850 359 931 perimur
383 850 472 930 quod
497 848 619 911 habens
634 848 825 913 charitatem
843 860 953 913 utatur
976 872 1016 914 eo
1030 872 1108 915 cum
1124 875 1182 915 vo·

217 956 318 1030 luerit,
343 956 425 1018 sicut
456 965 545 1038 patet
569 957 600 1018 in
630 957 706 1019 viris
737 958 1000 1039 contemplativis
1030 960 1086 1040 qui
1121 960 1174 1022 ali·

216 1064 348 1145 quando
364 1063 495 1125 eliciunt
506 1071 616 1124 actum
633 1083 709 1125 cum
727 1064 841 1145 majori
857 1074 988 1158 conatu,
1001 1065 1179 1147 aliquando

215 1190 290 1231 cum
317 1170 446 1245 minori;
471 1190 559 1249 ergo.

286 1273 409 1351 Quarto
433 1276 494 1338 sic:
520 1275 690 1357 Quidquid
714 1286 822 1359 potest
853 1298 951 1340 causa
982 1278 1088 1360 prima
1112 1300 1180 1342 me·

215 1382 324 1445 diante
347 1394 444 1445 causa
475 1384 616 1445 secunda
648 1384 680 1445 in
712 1404 829 1466 genere
859 1404 967 1446 causae
998 1385 1176 1460 efficientis

215 1499 322 1572 potest
338 1510 393 1571 per
418 1510 451 1552 se
467 1489 670 1561 immediate;
695 1491 752 1552 sed
768 1489 908 1553 charitas
931 1500 1049 1565 creata,
1073 1492 1099 1554 si
1119 1514 1178 1573 pe

215 1597 310 1670 nitur,
336 1596 434 1659 habet
450 1617 483 1659 se
507 1596 537 1657 in
562 1597 688 1659 ratione
704 1618 812 1659 causae
837 1598 1003 1660 efficientis
1026 1609 1174 1680 respectu

213 1712 322 1781 actus;
339 1724 418 1785 ergo
435 1704 525 1765 Deus
541 1712 649 1785 potest
666 1703 728 1765 hoc
745 1724 801 1784 per
823 1724 857 1765 se
872 1704 1069 1767 immediate.
1087 1704 1173 1767 Cum

213 1831 292 1892 ergo
316 1810 404 1873 nulla
428 1810 593 1891 pluralitas
622 1810 661 1872 sit
692 1810 845 1892 ponenda
876 1810 944 1873 sine
974 1811 1173 1885 necessitate,

213 1938 279 1980 non
303 1917 430 1979 videtur
453 1918 543 1998 quod
567 1917 683 1979 debeat
699 1916 776 1999 poni
800 1916 940 1979 charitas
963 1926 1071 1980 creata
1093 1917 1125 1979 in
1142 1940 1176 1980 a·

213 2024 310 2086 nima.

283 2128 404 2206 Quinto
427 2131 488 2192 sic:
515 2129 649 2211 Quanto
680 2130 787 2212 aliqua
819 2130 965 2212 potentia
995 2138 1044 2193 est
1067 2130 1173 2213 magis

211 2237 325 2311 activa,
350 2246 442 2299 tanto
467 2236 574 2299 minus
597 2237 832 2299 determinatur
848 2258 905 2318 per
929 2236 1097 2314 habitum;
1113 2238 1172 2299 sed

211 2344 361 2407 voluntas
384 2353 433 2405 est
465 2344 569 2426 magis
599 2344 704 2405 activa
736 2364 835 2424 quam
868 2343 1066 2419 intellectus;
1091 2363 1172 2426 ergo

211 2451 319 2513 minus
342 2450 574 2512 determinatur
598 2470 665 2531 per·
679 2450 846 2525 habiturn;
871 2449 982 2512 sedin
1007 2449 1168 2512 intellectu

211 2578 275 2620 non
300 2557 431 2640 ponitur
454 2556 568 2639 aliquis
592 2556 722 2618 habitus
752 2566 879 2618 creatus
909 2556 965 2637 qui
984 2576 1171 2638 correspon-

209 2665 285 2726 deat
308 2662 472 2741 charitati;
496 2684 576 2745 ergo
600 2662 744 2725 similiter
767 2662 800 2725 in
823 2662 992 2725 voluntate
1022 2683 1089 2725 non
1111 2682 1171 2745 po·

209 2770 295 2833 nitur
318 2769 458 2832 charitas
482 2779 598 2832 creata.

274 2984 338 3051 De
361 2984 552 3049 «seeundo
574 2979 775 3048 Artr'culo
797 2982 943 3063 arguitur
966 2990 1080 3043 contra
1096 2980 1168 3043 Ma-

208 3092 355 3175 gistrum,
379 3100 412 3153 et
435 3091 562 3153 videtur
586 3089 676 3172 quod
700 3108 829 3151 necesse
851 3087 892 3151 sit
915 3108 1037 3170 ponere
1063 3086 1165 3150 chari·

206 3208 307 3262 tatem
332 3208 474 3261 creatam
499 3198 531 3260 in
555 3196 673 3259 anima.

273 3305 388 3368 Primo
410 3306 472 3368 sic:
498 3303 585 3366 Nihil
609 3304 726 3367 dicitur
742 3302 918 3365 formaliter
938 3321 1035 3383 agere
1057 3301 1168 3382 aliqua

205 3412 332 3475 actione
355 3413 445 3494 quod
469 3432 535 3475 non
559 3421 607 3473 est
630 3411 661 3473 in
687 3420 761 3473 actu
786 3408 912 3471 formali
935 3407 1115 3470 secundum
1133 3407 1167 3468 il·

206 3518 262 3581 lud
286 3519 376 3600 quod
398 3528 447 3582 est
471 3518 624 3601 proxima
648 3517 730 3580 ratio
745 3516 881 3599 agendi;
905 3514 962 3577 sed
985 3513 1167 3576 assistentia

206 3624 344 3707 Spiritus
369 3624 478 3690 Sancti
503 3645 568 3688 non
592 3625 649 3687 dat
680 3622 798 3686 animae
832 3630 943 3685 actum
975 3619 1164 3683 formalem:
