2684 4209
407 248 591 311 D1sr1ucr.
617 249 697 310 VIII
721 218 868 329 Quasi.
893 248 941 311 IV
1063 264 1120 329 175

182 364 558 372 ——--....—-......--—--

182 472 234 526 ne,
258 462 291 514 et
326 452 403 515 unio
437 462 485 515 est
509 454 594 534 prior
626 453 871 533 compositione,
896 463 928 516 et
951 455 1145 535 compositio

184 570 234 622 est
258 561 344 641 prior
368 560 576 635 resolutione;
600 561 656 622 sed
673 538 761 642 prius
785 570 892 643 potest
915 582 984 623 esse
1006 562 1074 623 sine
1090 582 1147 642 po-

185 668 323 741 steriori;
340 688 421 749 ergo
437 676 544 748 potest
559 688 628 729 esse
643 668 810 730 distinctio
830 668 897 729 sine
912 668 1143 749 compositione.

250 775 308 836 Ad
328 774 489 836 docimmn
521 785 676 856 quartum
707 775 781 836 dico
804 776 894 856 quod
926 795 992 838 non
1016 784 1145 855 oportet

186 902 307 963 ponere
336 882 507 944 scientiam
540 880 681 942 mediam
712 902 787 961 quae
820 902 878 943 nec
905 882 947 942 sit
970 882 1062 943 realis
1086 902 1145 943 nec

184 990 326 1063 rationis,
350 988 427 1070 quia
451 988 582 1049 scientia
607 988 698 1049 realis
714 1008 779 1049 non
803 988 910 1050 solum
934 997 984 1050 est
1007 988 1047 1050 de
1070 997 1145 1050 ente

184 1096 259 1158 reali
283 1096 339 1157 scd
363 1094 460 1157 etiam
485 1095 526 1156 dc
551 1095 655 1155 modis
678 1094 770 1155 ertia.

251 1203 310 1265 Ad
329 1202 490 1265 decimum
507 1202 659 1283 qm'rrtum
676 1202 749 1262 dico
764 1201 854 1282 quod
871 1200 1059 1281 accipiendo
1075 1222 1142 1262 rem

185 1330 246 1391 pro
270 1330 303 1370 re
326 1308 411 1370 reoli
432 1317 464 1369 et
486 1307 640 1389 formali,
673 1328 738 1369 non
770 1307 856 1369 cadit
887 1307 1032 1369 medium
1060 1307 1142 1369 inter

184 1436 252 1477 rem
276 1423 308 1477 et
324 1415 497 1489 rationem;
514 1415 571 1475 sed
586 1414 776 1495 accipiendo
793 1434 859 1475 rem
884 1435 944 1495 pro
967 1414 1053 1475 reoli
1071 1422 1142 1475 tan-

183 1533 267 1594 tum,
292 1522 336 1583 sic
360 1520 445 1583 cadit
471 1521 614 1582 medium
641 1522 721 1582 inter
745 1541 812 1582 rem
836 1529 869 1583 et
892 1520 1061 1593 rationem,
1083 1520 1142 1581 sci-

182 1630 257 1691 licet
280 1627 414 1690 formale
437 1636 469 1689 et
494 1628 631 1689 modale.

248 1736 308 1797 Ad
327 1735 486 1797 decimum
509 1745 637 1796 sextrrm
661 1734 749 1795 dico:
773 1754 849 1795 cum
874 1733 991 1795 dicitur
1025 1732 1142 1794 forma-

183 1844 254 1905 litas
285 1842 401 1904 dicitur
425 1863 443 1903 a
470 1842 597 1923 formo,
626 1841 701 1902 dico
730 1841 819 1921 quod
842 1849 889 1901 est
921 1838 1048 1912 falsum,
1084 1839 1140 1901 sed

180 1950 300 2011 dicitur
323 1949 372 2010 vel
397 1970 416 2010 a
440 1949 530 2011 modo
561 1946 647 2009 reali
675 1947 854 2009 secundum
887 1947 1021 2028 aliquos,
1046 1946 1097 2007 vel
1122 1966 1141 2007 a

177 2055 364 2138 quidditate
386 2054 535 2136 formali
564 2054 744 2116 secundum
775 2053 863 2125 alios
888 2052 938 2114 vel
969 2073 989 2113 a
1016 2052 1142 2114 ratione

180 2162 356 2245 drfim'tiva
384 2160 564 2223 seeundum
596 2160 772 2241 quosdam;
804 2160 882 2220 dato
909 2169 1019 2220 tamen
1051 2158 1140 2240 quod

179 2268 339 2330 diceretur
361 2289 382 2329 a
397 2268 523 2349 forma,
552 2276 783 2348 argumentum
804 2266 912 2328 adhuc
947 2285 1013 2327 non
1044 2266 1139 2337 valet,

179 2375 257 2457 quia
279 2374 447 2436 essentiale
470 2374 585 2435 dicitur
609 2373 650 2433 ab
674 2373 819 2444 essentia,
844 2381 876 2434 et
899 2380 1009 2433 tamen
1032 2371 1140 2433 multi-

179 2482 305 2563 plicatis
329 2480 550 2543 essentialibus
566 2500 631 2542 non
649 2480 903 2561 multiplicantur
920 2479 1075 2539 essentiae.
1095 2477 1141 2541 Si·

180 2588 296 2649 militer
320 2588 500 2669 personalia
524 2588 674 2649 dicuntur
698 2607 717 2647 a
740 2607 887 2667 persona,
911 2594 942 2647 et
970 2595 1082 2646 tamen
1107 2585 1139 2645 in

176 2695 293 2756 cadem
318 2715 455 2776 persona
479 2704 553 2755 sunt
579 2694 681 2755 multa
705 2693 893 2775 personalia.

244 2802 302 2863 Ad
329 2801 488 2863 deciorum
519 2802 691 2882 septimum
722 2800 795 2861 dico
826 2798 914 2879 quod
939 2806 1067 2878 oportet
1095 2796 1138 2857 ibi

178 2928 300 2990 ponere
316 2907 555 2970 distinctionem
571 2928 735 2969 smmnom
751 2915 783 2967 et
799 2927 861 2967 non
877 2924 1052 2974 summam,
1072 2904 1139 2965 sive

176 3034 346 3076 summum
370 3024 403 3076 et
430 3034 495 3076 non
527 3034 714 3088 summum;
743 3033 820 3075 nam
852 3011 1027 3093 paternitas
1050 3019 1081 3071 et
1106 3009 1139 3070 fi-

177 3121 265 3183 liatio
299 3141 429 3183 summe
452 3121 707 3202 distinguuntur,
732 3120 775 3181 ita
798 3119 886 3199 quod
912 3138 977 3179 non
1002 3126 1139 3197 possunt

173 3249 246 3290 esse
268 3228 301 3290 in
324 3228 442 3289 eodem
459 3228 629 3309 supposito
636 3247 643 3301 ;
661 3227 717 3288 sed
741 3223 852 3287 filiatio
874 3234 907 3286 et
923 3223 1055 3306 spiratio
1071 3243 1137 3284 non

177 3355 307 3397 summe
329 3334 583 3415 distinguuntur,
608 3334 684 3414 quia
700 3341 775 3394 sunt
790 3332 822 3393 in
834 3331 950 3393 eodem
967 3329 1138 3411 supposito

176 3442 257 3503 Filii.

241 3548 298 3609 Ad
319 3548 485 3617 ultimum,
499 3547 588 3627 quod
612 3546 710 3608 etiam
727 3544 788 3606 suit
803 3552 1035 3625 argumentum
1052 3542 1137 3622 prin-

171 3655 284 3736 clpale‚
296 3675 381 3736 nego
394 3654 559 3716 rur'uorom.
571 3653 856 3734 adprobationem
870 3650 942 3711 dico
952 3650 1039 3731 quod
1050 3670 1138 3729 quae-
