2684 4209
435 942 753 1050 Distinetio
792 939 969 1045 XLII.

376 1193 494 1267 Nunc
524 1193 576 1267 de
605 1191 914 1288 omnipotentia
951 1189 1038 1267 Dei.

294 1315 334 1377 In
359 1315 423 1377 ista
447 1314 534 1377 Dist.
558 1315 681 1376 scilicet
701 1333 745 1396 42
770 1314 886 1395 incipit
908 1323 1052 1376 tractare
1075 1315 1201 1396 Mugi—

224 1434 293 1485 ster
314 1423 353 1484 de
375 1422 442 1484 Dei
457 1422 612 1502 potentin,
638 1421 706 1483 ideo
729 1421 892 1502 quaritur
906 1421 1034 1501 primo:

589 1580 765 1662 QUAEsmo
794 1595 816 1642 1.

374 1741 481 1796 Utrum
498 1741 575 1796 neus
592 1740 699 1795 habeat
718 1739 873 1808 potentiam
892 1739 1046 1794 tnflnltam.

294 1885 433 1946 Videtur
456 1885 545 1966 quod
570 1905 645 1947 non.
676 1902 700 1946 1.
728 1883 813 1964 Quia
836 1885 860 1946 si
886 1891 987 1946 u'num
1012 1884 1195 1945 contrario-

228 2011 301 2052 rum
325 2001 372 2052 est
407 1990 569 2053 infinitum
601 2012 667 2053 non
703 1992 823 2072 patitur
858 2012 926 2052 esse
960 1991 1058 2062 aliud,
1093 2011 1137 2051 ex
1155 2009 1195 2068 J.

176 2139 181 2146 ·
227 2096 337 2178 Phys;
361 2118 440 2179 ergo
463 2099 488 2159 si
507 2099 596 2160 Deus
612 2098 710 2159 habet
727 2097 904 2178 potentiam
923 2097 1091 2168 infinitam,
1114 2118 1195 2159 cum

228 2204 296 2285 ipse
320 2204 425 2265 bonus
448 2204 498 2277 sit,
524 2205 649 2266 nullum
674 2214 756 2265 esset
781 2204 902 2266 malum
928 2203 959 2264 in
984 2203 1145 2266 univers0.

294 2329 324 2373 2.
350 2311 518 2383 Praeterea,
543 2311 624 2372 sicut
648 2311 807 2372 dimensio
832 2320 991 2391 repugnat
1015 2310 1196 2371 dimensio-

228 2415 270 2489 ni,
295 2416 339 2478 ita
367 2417 534 2478 actualitas
566 2427 726 2500 repugnat
756 2417 951 2489 actualitati;
984 2416 1040 2478 sed
1070 2437 1196 2498 corpus
1311 2467 1312 2506 3

228 2521 390 2585 infinitum
415 2544 480 2585 non
505 2525 703 2605 compatitur
726 2543 835 2585 secum
849 2523 935 2584 aliud
952 2543 1087 2604 corpus;
1111 2544 1199 2605 ergo
1311 2517 1312 2520 ¹

229 2629 372 2690 similiter
395 2650 452 2691 ens
475 2629 636 2691 infinitum
662 2650 728 2692 non
751 2631 948 2711 compatitur
965 2651 1074 2692 secum
1092 2631 1192 2692 aliam

228 2735 407 2807 entitatem,
432 2737 531 2798 etsie
556 2737 586 2798 in
613 2737 762 2799 universo
786 2758 851 2799 non
876 2746 959 2799 esset
985 2737 1118 2818 aliquod
1134 2758 1200 2799 ens

230 2854 347 2924 praeter
372 2844 491 2905 Deum.

292 2968 326 3029 j.
352 2951 520 3023 Praeterea,
544 2951 633 3032 quod
658 2951 702 3012 ita
725 2959 773 3012 est
797 2950 849 3012 hic
872 2952 963 3032 quod
986 2971 1051 3012 non
1082 2959 1132 3012 est
1155 2971 1192 3012 a·

231 3055 295 3129 libi,
319 3067 368 3117 est
391 3056 518 3119 finitum
543 3058 724 3118 secundum
749 3056 821 3132 ubi;
845 3077 924 3138 ergo
956 3057 1044 3139 quod
1077 3057 1121 3118 ita
1144 3067 1196 3120 est

231 3161 293 3223 hoc
328 3163 416 3243 quod
452 3182 517 3223 non
546 3173 594 3224 est
620 3163 727 3236 aliud,
763 3172 810 3224 est
846 3161 975 3224 finitum
1011 3165 1196 3225 secundum

231 3268 454 3330 substantiam.
480 3269 545 3332 Sed
575 3270 665 3332 Deus
682 3271 725 3331 ita
748 3280 795 3332 est
813 3269 875 3332 hoc
891 3269 980 3352 quod
998 3290 1062 3332 non
1086 3279 1135 3331 est
1160 3269 1200 3331 il·

231 3373 297 3447 lud,
321 3375 397 3456 quia
421 3396 480 3437 nec
503 3387 551 3438 est
575 3377 655 3458 lapis
672 3397 731 3439 nec
748 3377 874 3459 lignum
899 3397 957 3438 nec
973 3375 1095 3457 aliquid
1111 3377 1195 3446 tale:

231 3500 311 3562 ergo
335 3481 425 3543 Deus
448 3493 496 3544 est
519 3482 628 3545 finitus
651 3483 830 3544 secundum
848 3483 1071 3554 substantiam,
1088 3492 1121 3544 et
1136 3504 1200 3564 per
1309 3479 1310 3500 ³

235 3605 437 3666 consequens
460 3590 639 3651 secundum
665 3589 855 3670 potentiam.

297 3708 329 3767 4.
354 3692 521 3765 Praeterca,
545 3696 632 3756 nulla
648 3695 749 3756 virtus
775 3705 884 3758 movet
901 3695 932 3757 in
950 3715 1014 3758 non
1032 3704 1197 3778 tempore,
1308 3775 1309 3784 ἵ
