2684 4209
387 308 574 372 Drsrrucr.
600 310 624 371 Ι.
650 306 797 389 Qunsr.
823 309 848 371 Ι.
1047 326 1090 389 43

149 524 226 578 sunt
250 513 453 595 hujusmodi;
478 533 566 595 erg0,
590 522 651 575 etc.
676 514 793 575 Minor
815 522 907 596 patet
929 514 963 576 in
992 515 1116 576 daemo
1188 561 1192 567 .

150 622 247 685 nibus
269 621 326 703 qui
354 642 388 681 se
415 620 564 701 diligunt,
596 630 628 681 et
658 628 770 682 tamen
802 640 869 683 non
902 621 1116 695 delectantur,
1143 646 1146 654 ·

149 729 254 791 immo
278 727 517 789 contristantur.

219 837 387 906 Praeterea,
412 834 454 895 illi
478 842 570 895 actus
594 854 660 895 non
678 842 754 894 sunt
779 833 865 894 idem
891 834 1016 895 realiter
1037 856 1117 915 quo-

151 963 223 1005 rum
264 941 415 1023 opposita
453 940 697 1021 distinguuntur
733 940 858 1001 realiter
868 960 876 1015 3
908 940 963 1001 sed
1001 941 1114 1001 odium

151 1062 184 1113 et
215 1048 350 1119 tristitia,
382 1068 457 1128 quae
488 1055 701 1128 opponuntur
736 1046 898 1108 dilectioni
923 1058 956 1109 et
980 1046 1118 1109 delecta-

151 1157 241 1229 tioni,
274 1154 516 1236 distinguuntur
548 1154 682 1215 realiter.
713 1153 831 1215 lllinor
858 1163 948 1234 patet
979 1154 1011 1214 in
1045 1153 1116 1215 bea-

151 1264 191 1325 tis
214 1262 270 1344 qui
295 1261 411 1323 odiunt
434 1270 567 1341 peccata
592 1269 711 1332 nostra,
737 1280 795 1321 nec
819 1270 929 1321 tamen
946 1260 1115 1322 tristantur

152 1369 272 1441 decis,
297 1388 372 1430 cum
398 1368 430 1429 in
453 1387 508 1429 eos
533 1387 598 1428 non
623 1367 718 1428 cadat
741 1366 877 1428 tristitia.

219 1478 388 1547 Praeterea,
414 1474 585 1537 delectatio
608 1483 657 1535 est
680 1494 737 1554 per
766 1494 799 1535 se
827 1473 993 1553 objectum
1023 1473 1117 1535 dilec·

152 1585 265 1659 tionis;
291 1582 347 1644 sed
377 1581 506 1643 dilectio
538 1601 603 1642 non
635 1590 743 1661 potest
771 1600 827 1661 per
855 1600 889 1641 se
912 1600 981 1640 csse
1007 1580 1119 1660 objec—

152 1700 226 1753 tum
252 1688 486 1763 delectationis;
511 1708 590 1769 ergo
615 1708 681 1749 non
705 1697 781 1748 sunt
806 1687 892 1749 idem
918 1686 1050 1747 realiter.

219 1796 387 1868 Praeterea,
412 1794 492 1856 illud
514 1794 604 1875 quod
627 1804 676 1855 est
692 1793 925 1874 superveniens
941 1792 1030 1854 alteri
1048 1813 1114 1855 non

151 1914 200 1967 est
230 1905 316 1966 idern
349 1902 472 1965 realiter
504 1901 561 1975 illi;
593 1901 649 1962 sed
681 1900 852 1962 delectatio
882 1910 931 1962 est
963 1920 1117 1981 superve-

151 2012 244 2074 niens
267 2009 444 2083 dilectioni;
469 2029 558 2090 erg0,
583 2018 644 2070 etc.

225 2116 346 2181 Contra
357 2114 531 2178 secundom
543 2114 775 2177 conclusionem
789 2114 935 2195 arguitur
952 2114 1011 2175 sic:
1031 2112 1117 2193 Quia

151 2224 282 2287 dilectio
313 2224 436 2286 realiter
466 2222 590 2284 elicitur
625 2243 644 2282 a
668 2223 845 2294 voluntate,
877 2232 910 2283 et
941 2221 1113 2283 delectatio

152 2352 231 2404 non,
263 2331 320 2393 sed
352 2330 474 2392 realiter
505 2328 650 2409 sequitur
686 2328 891 2390 dilectionem
900 2349 907 2402 ;
939 2349 1019 2409 ergo
1051 2348 1120 2390 non

152 2438 307 2500 differunt
329 2438 397 2499 sola
420 2432 559 2523 :ratione

220 2544 306 2606 Dico
334 2564 414 2625 ergo
442 2542 532 2623 quod
559 2542 689 2604 dilectio
711 2552 744 2605 et
767 2541 939 2605 delectatio
962 2540 1116 2603 differunt

153 2652 288 2723 realiter,
306 2670 365 2714 nec
381 2658 574 2731 argumenta
585 2648 797 2731 procedentis
812 2647 1024 2710 conclusionis
1041 2668 1119 2709 con-

153 2757 303 2819 cludunt.
587 2834 593 2845 Ι

221 2863 365 2926 Primum
392 2883 467 2933 non,
492 2862 568 2944 quia
597 2864 704 2945 major
733 2874 782 2925 est
813 2862 907 2935 salsa;
940 2882 1015 2923 nam
1049 2862 1116 2922 duo

152 2980 246 3033 actus
273 2970 474 3033 subordinati
503 2979 639 3051 possunt
667 2990 737 3032 esse
765 2971 806 3032 de
837 2970 953 3031 eodem
987 2968 1123 3048 objecto

151 3086 184 3140 et
207 3077 268 3140 sub
292 3078 406 3139 eadem
432 3076 564 3149 ratione,
589 3096 730 3157 quorum
755 3096 840 3137 unus
856 3072 981 3156 perficit
1004 3074 1119 3145 alium,

153 3185 236 3247 sicut
259 3194 335 3247 sunt
358 3184 418 3246 isti.
443 3184 549 3246 Aliter
573 3192 681 3264 potest
696 3182 758 3245 dici
775 3183 817 3244 ad
838 3182 1007 3253 tninorcrn,
1028 3182 1118 3262 quod

152 3291 282 3354 dilectio
310 3301 343 3353 et
369 3290 540 3353 delectatio
569 3310 633 3352 non
663 3299 738 3351 sunt
766 3290 808 3351 de
836 3288 954 3350 eodem
989 3288 1124 3368 objecto

152 3398 214 3460 sub
238 3399 352 3460 eadem
377 3396 509 3471 ratione,
540 3397 616 3478 quia
647 3396 813 3460 delectatio
842 3416 969 3477 semper
1000 3405 1049 3457 est
1079 3395 1121 3456 de
1159 3440 1163 3445 -

153 3504 284 3586 objecto
322 3514 491 3586 praesente,
530 3504 658 3567 dilectio
688 3514 798 3566 autern
836 3523 900 3565 non
940 3504 1122 3565 necessario

152 3630 280 3693 semper
304 3611 468 3674 concernit
492 3610 698 3693 praesentiam
727 3608 854 3689 objecti.

218 3717 277 3781 Ad
301 3718 491 3792 secundum,
516 3718 625 3779 minor
646 3726 694 3779 est
718 3716 806 3790 falsa,
830 3717 908 3797 quia
931 3716 1063 3777 dilectio
1087 3728 1125 3777 et.
