2684 4209
256 308 315 385 148
514 306 589 370 Lm.
616 305 629 368 Ι
655 303 947 370 Saurammnun

230 519 387 593 gumenta
410 509 494 575 sacta
517 518 631 574 contra
654 511 795 592 primam
819 510 1024 591 opinionem;
1048 511 1105 572 sed
1127 525 1197 592 ego

229 617 304 680 dico
327 618 417 699 quod
447 618 508 683 ista
537 625 732 699 argumenta
764 638 828 679 non
860 615 1074 692 concludunt;
1106 616 1196 682 unde

231 725 413 806 respondeo
436 725 478 788 ad
500 744 556 787 ea:
765 789 770 800 ,

298 831 357 893 Ad
370 831 530 911 primum,
554 829 688 913 quando
711 829 844 891 dicitur:
869 829 975 892 omnis
998 828 1103 891 forma
1118 850 1197 911 quae

233 945 281 999 est
305 936 499 1018 principium
523 937 684 1000 sufficiens
705 945 766 998 etc.
799 934 872 997 dico
896 936 986 1018 quod
1017 937 1125 1018 major
1145 947 1196 1000 est

232 1041 320 1117 salsa,
345 1043 403 1106 nisi
427 1042 506 1106 illud
529 1043 725 1124 principium
749 1043 947 1124 intelligatur
963 1043 1138 1105 elicitivum
1162 1053 1199 1105 et

233 1169 290 1231 per
313 1170 347 1211 se
369 1149 521 1222 existens,
538 1159 569 1212 et
586 1150 626 1212 sit
649 1150 681 1211 in
697 1149 843 1230 potentia
859 1149 1044 1230 propinqua
1059 1149 1101 1211 ad
1117 1170 1197 1231 ope·

233 1256 382 1318 randum.
401 1256 602 1338 Exemplum
620 1256 734 1336 hujus:
752 1255 874 1338 species
891 1255 922 1317 in
936 1256 1032 1318 oculo
1047 1264 1095 1318 est
1111 1255 1196 1337 prin-

235 1362 355 1444 cipium
371 1363 518 1424 videndi:
543 1373 653 1426 tamen
670 1363 696 1424 si
720 1371 895 1445 poneretur
911 1383 969 1444 per
992 1383 1026 1425 se
1042 1383 1107 1425 non
1124 1383 1200 1444 pos-

234 1479 282 1532 set
305 1469 423 1543 videre,
447 1469 523 1551 quia
546 1490 611 1532 non
635 1478 684 1532 est
711 1469 744 1531 in
768 1469 914 1551 potentia
946 1470 1131 1551 propinqua
1153 1470 1197 1531 ad

235 1575 412 1638 videndum
438 1577 495 1639 nisi
520 1577 551 1639 in
576 1576 681 1639 oculo,
713 1577 763 1638 Ita
786 1577 819 1638 in
850 1577 1028 1657 proposito,
1060 1577 1200 1638 essentia

235 1691 372 1745 nonest
396 1683 427 1744 in
452 1683 596 1764 potentia
627 1683 811 1765 propinqua
834 1683 876 1744 ad
908 1683 1112 1764 operandum
1137 1683 1198 1745 nisi

236 1789 269 1850 in
295 1789 474 1871 supposito.

303 1897 362 1958 Ad
380 1897 564 1970 secundum,
581 1896 655 1958 dico
670 1896 760 1977 quod
777 1897 883 1978 major
904 1905 953 1957 est
969 1916 1044 1958 vera
1067 1895 1099 1958 in
1114 1915 1204 1958 crea·

237 2002 316 2064 turis
340 2003 394 2064 ubi
418 2011 466 2064 est
489 2003 651 2064 distinctio
675 2002 766 2064 realis
789 2002 871 2064 inter
894 2023 1028 2064 ceresam
1052 2012 1084 2064 et
1101 2002 1200 2083 prin-

236 2107 358 2190 cipium
382 2130 448 2190 quo
472 2119 591 2181 causat,
616 2118 649 2171 et
672 2109 716 2170 sic
739 2117 787 2170 est
811 2109 1029 2190 dependentia
1052 2109 1205 2171 essentia-

240 2215 292 2291 lis;
317 2215 373 2277 sed
398 2215 429 2277 in
464 2216 579 2296 divinis
603 2236 668 2278 non
700 2225 749 2278 est
771 2236 857 2288 vera,
889 2214 965 2297 quia
989 2236 1047 2277 nec
1078 2224 1126 2278 est
1157 2215 1202 2277 ibi

239 2321 455 2404 dependentia
477 2323 660 2397 essentialis,
686 2344 745 2384 nec
761 2321 923 2384 distinctio
948 2322 1038 2383 realis
1053 2322 1203 2384 essentiae

240 2438 272 2490 et
296 2427 452 2510 principii.

308 2535 365 2596 Ad
385 2535 489 2610 aliud,
503 2536 575 2598 dico
599 2536 688 2617 quod
713 2535 837 2616 duplex
859 2543 908 2596 est
923 2535 1038 2616 prins;
1063 2555 1166 2596 unum
1183 2555 1205 2596 a

241 2662 308 2722 quo
332 2661 396 2704 non
421 2642 618 2704 convertitur
641 2640 834 2704 subsistendi
851 2641 1090 2722 consequentia,
1115 2641 1205 2703 aliud

242 2757 289 2809 est
313 2747 400 2828 prius
424 2748 618 2810 causalitate.
643 2748 737 2810 Tunc
760 2747 834 2809 dico
864 2748 955 2828 quod
979 2768 1044 2809 non
1075 2767 1207 2829 semper

236 2854 334 2935 prius
357 2855 536 2917 secundum
559 2853 815 2936 consequentiam
836 2862 886 2916 est
902 2853 1000 2934 prins
1022 2852 1206 2916 secundum

242 2960 466 3024 carnalitatem
475 2985 492 3036 ,·
520 2969 553 3023 et
576 2961 620 3023 ita
650 2961 795 3023 concedo
825 2960 916 3041 quod
946 2960 1149 3042 distinguere
1171 2960 1206 3022 in

244 3067 451 3148 generatione
474 3077 522 3129 est
545 3067 642 3149 prius,
667 3067 758 3141 idest,
783 3066 994 3128 communius
1010 3086 1110 3148 quam
1126 3067 1208 3129 assi·

244 3173 370 3248 minere,
395 3173 471 3256 quia
495 3174 597 3236 multa
620 3173 866 3256 distinguuntur
897 3193 973 3253 quae
996 3193 1063 3236 non
1086 3173 1210 3236 assimi-

244 3281 367 3356 lantur;
392 3281 447 3342 sed
464 3279 661 3362 distinguere
677 3300 743 3343 non
766 3289 814 3342 est
830 3279 919 3360 prius
941 3279 973 3342 in
998 3280 1210 3362 generatione

244 3406 345 3468 quam
368 3387 551 3460 assimilare,
576 3395 608 3449 et
631 3386 694 3448 hoc
717 3387 897 3449 secundum
921 3387 1153 3449 causalitatem.

314 3598 374 3660 AD
398 3613 541 3663 PRIMUM
565 3613 781 3664 PRINCIPALF,
798 3601 872 3663 dico
894 3599 984 3682 quod
1007 3601 1141 3682 quando
1157 3601 1212 3663 ab·

248 3705 371 3768 latinns
386 3706 582 3768 construitur
605 3727 681 3769 cum
699 3708 800 3782 verbo,
824 3705 986 3789 significat
1002 3707 1211 3789 principium
