<?xml version="1.0" encoding="UTF-8"?>
<!DOCTYPE html PUBLIC "-//W3C//DTD XHTML 1.0 Transitional//EN"
    "http://www.w3.org/TR/xhtml1/DTD/xhtml1-transitional.dtd">
<html xmlns="http://www.w3.org/1999/xhtml" xml:lang="en" lang="en">
 <head>
  <title>
</title>
<meta http-equiv="Content-Type" content="text/html;charset=utf-8" />
  <meta name='ocr-system' content='tesseract 3.04.00' />
  <meta name='ocr-capabilities' content='ocr_page ocr_carea ocr_par ocr_line ocrx_word'/>
</head>
<body>
  <div class='ocr_page' id='page_1' title='image "./commentariainli01scotgoog_0331.png"; bbox 0 0 2684 4209; ppageno 0'>
   <div class='ocr_carea' id='block_1_1' title="bbox 226 266 1081 350">
    <p class='ocr_par' dir='ltr' id='par_1_1' title="bbox 226 266 1081 350">
     <span class='ocr_line' id='line_1_1' title="bbox 226 266 1081 350; baseline 0.006 -22"><span class='ocrx_word' id='word_1_1' title='bbox 226 266 413 330; x_wconf 80' lang='lat' dir='ltr'>Drsrnrcr.</span> <span class='ocrx_word' id='word_1_2' title='bbox 439 268 585 332; x_wconf 87' lang='lat' dir='ltr'>XXVIII</span> <span class='ocrx_word' id='word_1_3' title='bbox 609 268 725 332; x_wconf 91' lang='lat' dir='ltr'>XXIX</span> <span class='ocrx_word' id='word_1_4' title='bbox 749 267 896 350; x_wconf 82' lang='lat' dir='ltr'><strong>QUAEST.</strong></span> <span class='ocrx_word' id='word_1_5' title='bbox 921 271 951 333; x_wconf 95' lang='lat' dir='ltr'>II</span> <span class='ocrx_word' id='word_1_6' title='bbox 1021 284 1081 350; x_wconf 82' lang='lat'>315</span> 
     </span>
    </p>
   </div>
   <div class='ocr_carea' id='block_1_2' title="bbox 143 382 287 392">
    <p class='ocr_par' dir='ltr' id='par_1_2' title="bbox 143 382 287 392">
     <span class='ocr_line' id='line_1_2' title="bbox 143 382 287 392; baseline 0.007 -1"><span class='ocrx_word' id='word_1_7' title='bbox 143 382 287 392; x_wconf 76' lang='lat' dir='ltr'>u—-</span> 
     </span>
    </p>
   </div>
   <div class='ocr_carea' id='block_1_3' title="bbox 138 473 1144 2051">
    <p class='ocr_par' dir='ltr' id='par_1_3' title="bbox 142 473 1109 663">
     <span class='ocr_line' id='line_1_3' title="bbox 142 473 1109 556; baseline 0.002 -20"><span class='ocrx_word' id='word_1_8' title='bbox 142 474 234 555; x_wconf 90' lang='lat' dir='ltr'>quod</span> <span class='ocrx_word' id='word_1_9' title='bbox 257 473 357 536; x_wconf 91' lang='lat' dir='ltr'>habet</span> <span class='ocrx_word' id='word_1_10' title='bbox 378 495 447 537; x_wconf 90' lang='lat' dir='ltr'>esse</span> <span class='ocrx_word' id='word_1_11' title='bbox 470 475 564 548; x_wconf 90' lang='lat' dir='ltr'>reale,</span> <span class='ocrx_word' id='word_1_12' title='bbox 589 474 728 556; x_wconf 86' lang='lat' dir='ltr'>privatio</span> <span class='ocrx_word' id='word_1_13' title='bbox 751 484 862 538; x_wconf 91' lang='lat' dir='ltr'>autem</span> <span class='ocrx_word' id='word_1_14' title='bbox 894 475 1017 538; x_wconf 92' lang='lat' dir='ltr'>nullam</span> <span class='ocrx_word' id='word_1_15' title='bbox 1042 497 1109 538; x_wconf 92' lang='lat' dir='ltr'>rea-</span> 
     </span>
     <span class='ocr_line' id='line_1_4' title="bbox 142 580 888 663; baseline 0.004 -21"><span class='ocrx_word' id='word_1_16' title='bbox 142 580 266 646; x_wconf 91' lang='lat' dir='ltr'>litatem</span> <span class='ocrx_word' id='word_1_17' title='bbox 290 581 368 643; x_wconf 95' lang='lat' dir='ltr'>dare</span> <span class='ocrx_word' id='word_1_18' title='bbox 391 590 509 663; x_wconf 73' lang='lat' dir='ltr'>potest,</span> <span class='ocrx_word' id='word_1_19' title='bbox 830 593 831 598; x_wconf 77' lang='grc'>’</span> <span class='ocrx_word' id='word_1_20' title='bbox 886 593 888 598; x_wconf 85' lang='grc'><strong>’</strong></span> 
     </span>
    </p>

    <p class='ocr_par' dir='ltr' id='par_1_4' title="bbox 139 687 1108 1390">
     <span class='ocr_line' id='line_1_5' title="bbox 158 687 1108 769; baseline 0.002 -19"><span class='ocrx_word' id='word_1_21' title='bbox 158 697 163 703; x_wconf 94' lang='grc'><strong>’</strong></span> <span class='ocrx_word' id='word_1_22' title='bbox 208 687 371 751; x_wconf 74' lang='lat' dir='ltr'>Protereo</span> <span class='ocrx_word' id='word_1_23' title='bbox 394 688 420 750; x_wconf 92' lang='lat' dir='ltr'>si</span> <span class='ocrx_word' id='word_1_24' title='bbox 443 688 496 750; x_wconf 94' lang='lat' dir='ltr'>illa</span> <span class='ocrx_word' id='word_1_25' title='bbox 526 709 664 769; x_wconf 87' lang='lat' dir='ltr'>persona</span> <span class='ocrx_word' id='word_1_26' title='bbox 699 689 947 751; x_wconf 83' lang='lat' dir='ltr'>constitueretur</span> <span class='ocrx_word' id='word_1_27' title='bbox 975 689 1006 752; x_wconf 94' lang='lat' dir='ltr'>in</span> <span class='ocrx_word' id='word_1_28' title='bbox 1038 709 1108 752; x_wconf 88' lang='lat' dir='ltr'>esse</span> 
     </span>
     <span class='ocr_line' id='line_1_6' title="bbox 142 794 1107 880; baseline 0.002 -24"><span class='ocrx_word' id='word_1_29' title='bbox 142 794 302 874; x_wconf 91' lang='lat' dir='ltr'>personali</span> <span class='ocrx_word' id='word_1_30' title='bbox 326 815 383 876; x_wconf 90' lang='lat' dir='ltr'>per</span> <span class='ocrx_word' id='word_1_31' title='bbox 406 794 700 870; x_wconf 84' lang='lat' dir='ltr'>innascibilitatem,</span> <span class='ocrx_word' id='word_1_32' title='bbox 732 795 877 876; x_wconf 90' lang='lat' dir='ltr'>sequitur</span> <span class='ocrx_word' id='word_1_33' title='bbox 909 795 999 877; x_wconf 90' lang='lat' dir='ltr'>quod</span> <span class='ocrx_word' id='word_1_34' title='bbox 1023 804 1107 880; x_wconf 76' lang='lat' dir='ltr'>esset</span> 
     </span>
     <span class='ocr_line' id='line_1_7' title="bbox 143 901 1108 983; baseline 0.003 -21"><span class='ocrx_word' id='word_1_35' title='bbox 143 902 249 983; x_wconf 83' lang='lat' dir='ltr'>magis</span> <span class='ocrx_word' id='word_1_36' title='bbox 282 921 412 964; x_wconf 89' lang='lat' dir='ltr'>necesse</span> <span class='ocrx_word' id='word_1_37' title='bbox 434 922 504 964; x_wconf 90' lang='lat' dir='ltr'>esse</span> <span class='ocrx_word' id='word_1_38' title='bbox 538 922 638 982; x_wconf 89' lang='lat' dir='ltr'>quam</span> <span class='ocrx_word' id='word_1_39' title='bbox 662 901 734 964; x_wconf 87' lang='lat' dir='ltr'>aliae</span> <span class='ocrx_word' id='word_1_40' title='bbox 772 921 938 983; x_wconf 90' lang='lat' dir='ltr'>personae;</span> <span class='ocrx_word' id='word_1_41' title='bbox 963 903 1018 964; x_wconf 91' lang='lat' dir='ltr'>sed</span> <span class='ocrx_word' id='word_1_42' title='bbox 1043 901 1108 965; x_wconf 93' lang='lat' dir='ltr'>hoc</span> 
     </span>
     <span class='ocr_line' id='line_1_8' title="bbox 140 1007 1108 1089; baseline 0.002 -20"><span class='ocrx_word' id='word_1_43' title='bbox 140 1015 192 1069; x_wconf 87' lang='lat' dir='ltr'>est</span> <span class='ocrx_word' id='word_1_44' title='bbox 213 1007 460 1083; x_wconf 87' lang='lat' dir='ltr'>inconveniens;</span> <span class='ocrx_word' id='word_1_45' title='bbox 492 1029 572 1089; x_wconf 87' lang='lat' dir='ltr'>ergo</span> <span class='ocrx_word' id='word_1_46' title='bbox 595 1007 702 1089; x_wconf 88' lang='lat' dir='ltr'>prima·</span> <span class='ocrx_word' id='word_1_47' title='bbox 732 1029 870 1089; x_wconf 93' lang='lat' dir='ltr'>persona</span> <span class='ocrx_word' id='word_1_48' title='bbox 902 1028 967 1071; x_wconf 94' lang='lat' dir='ltr'>non</span> <span class='ocrx_word' id='word_1_49' title='bbox 991 1009 1108 1072; x_wconf 90' lang='lat' dir='ltr'>consti·</span> 
     </span>
     <span class='ocr_line' id='line_1_9' title="bbox 140 1113 1107 1198; baseline 0.004 -24"><span class='ocrx_word' id='word_1_50' title='bbox 140 1113 243 1176; x_wconf 91' lang='lat' dir='ltr'>tuitur</span> <span class='ocrx_word' id='word_1_51' title='bbox 273 1135 330 1196; x_wconf 90' lang='lat' dir='ltr'>per</span> <span class='ocrx_word' id='word_1_52' title='bbox 353 1115 644 1177; x_wconf 86' lang='lat' dir='ltr'>innascibilitatem.</span> <span class='ocrx_word' id='word_1_53' title='bbox 682 1116 799 1198; x_wconf 87' lang='lat' dir='ltr'>Major</span> <span class='ocrx_word' id='word_1_54' title='bbox 833 1115 1000 1197; x_wconf 87' lang='lat' dir='ltr'>probatur,</span> <span class='ocrx_word' id='word_1_55' title='bbox 1029 1116 1107 1197; x_wconf 89' lang='lat' dir='ltr'>quia</span> 
     </span>
     <span class='ocr_line' id='line_1_10' title="bbox 140 1216 1106 1305; baseline 0.002 -23"><span class='ocrx_word' id='word_1_56' title='bbox 140 1220 202 1281; x_wconf 91' lang='lat' dir='ltr'>ista</span> <span class='ocrx_word' id='word_1_57' title='bbox 225 1222 406 1302; x_wconf 84' lang='lat' dir='ltr'>proprietas</span> <span class='ocrx_word' id='word_1_58' title='bbox 429 1242 505 1283; x_wconf 91' lang='lat' dir='ltr'>cum</span> <span class='ocrx_word' id='word_1_59' title='bbox 529 1222 570 1283; x_wconf 90' lang='lat' dir='ltr'>sit</span> <span class='ocrx_word' id='word_1_60' title='bbox 588 1216 726 1284; x_wconf 86' lang='lat' dir='ltr'>relativa</span> <span class='ocrx_word' id='word_1_61' title='bbox 750 1242 815 1284; x_wconf 93' lang='lat' dir='ltr'>non</span> <span class='ocrx_word' id='word_1_62' title='bbox 841 1221 939 1284; x_wconf 89' lang='lat' dir='ltr'>habet</span> <span class='ocrx_word' id='word_1_63' title='bbox 962 1243 1031 1285; x_wconf 90' lang='lat' dir='ltr'>esse</span> <span class='ocrx_word' id='word_1_64' title='bbox 1048 1243 1106 1305; x_wconf 90' lang='lat' dir='ltr'>per</span> 
     </span>
     <span class='ocr_line' id='line_1_11' title="bbox 139 1328 585 1390; baseline 0.002 -2"><span class='ocrx_word' id='word_1_65' title='bbox 139 1328 381 1390; x_wconf 86' lang='lat' dir='ltr'>connexionem</span> <span class='ocrx_word' id='word_1_66' title='bbox 405 1348 482 1390; x_wconf 93' lang='lat' dir='ltr'>cum</span> <span class='ocrx_word' id='word_1_67' title='bbox 507 1328 585 1390; x_wconf 91' lang='lat' dir='ltr'>aliis.</span> 
     </span>
    </p>

    <p class='ocr_par' dir='ltr' id='par_1_5' title="bbox 138 1435 1108 1836">
     <span class='ocr_line' id='line_1_12' title="bbox 208 1435 1108 1516; baseline 0.001 -20"><span class='ocrx_word' id='word_1_68' title='bbox 208 1435 371 1505; x_wconf 79' lang='lat' dir='ltr'>Praeterea</span> <span class='ocrx_word' id='word_1_69' title='bbox 394 1455 542 1516; x_wconf 84' lang='lat' dir='ltr'>personae</span> <span class='ocrx_word' id='word_1_70' title='bbox 557 1444 633 1497; x_wconf 91' lang='lat' dir='ltr'>sunt</span> <span class='ocrx_word' id='word_1_71' title='bbox 649 1456 744 1516; x_wconf 86' lang='lat' dir='ltr'>aeque</span> <span class='ocrx_word' id='word_1_72' title='bbox 765 1435 916 1516; x_wconf 86' lang='lat' dir='ltr'>perlectae</span> <span class='ocrx_word' id='word_1_73' title='bbox 941 1435 973 1497; x_wconf 96' lang='lat' dir='ltr'>in</span> <span class='ocrx_word' id='word_1_74' title='bbox 998 1456 1108 1516; x_wconf 90' lang='lat' dir='ltr'>perso·</span> 
     </span>
     <span class='ocr_line' id='line_1_13' title="bbox 139 1540 1108 1623; baseline 0.001 -22"><span class='ocrx_word' id='word_1_75' title='bbox 139 1540 289 1618; x_wconf 89' lang='lat' dir='ltr'>nalitate;</span> <span class='ocrx_word' id='word_1_76' title='bbox 313 1542 370 1604; x_wconf 89' lang='lat' dir='ltr'>sed</span> <span class='ocrx_word' id='word_1_77' title='bbox 395 1541 495 1604; x_wconf 85' lang='lat' dir='ltr'>Filius</span> <span class='ocrx_word' id='word_1_78' title='bbox 517 1551 551 1604; x_wconf 88' lang='lat' dir='ltr'>et</span> <span class='ocrx_word' id='word_1_79' title='bbox 575 1541 715 1623; x_wconf 87' lang='lat' dir='ltr'>Spiritus</span> <span class='ocrx_word' id='word_1_80' title='bbox 741 1541 880 1605; x_wconf 89' lang='lat' dir='ltr'>Sanctus</span> <span class='ocrx_word' id='word_1_81' title='bbox 905 1542 1108 1604; x_wconf 89' lang='lat' dir='ltr'>constituun-</span> 
     </span>
     <span class='ocr_line' id='line_1_14' title="bbox 138 1649 1107 1731; baseline 0.003 -23"><span class='ocrx_word' id='word_1_82' title='bbox 138 1656 193 1708; x_wconf 87' lang='lat' dir='ltr'>tur</span> <span class='ocrx_word' id='word_1_83' title='bbox 227 1649 260 1712; x_wconf 91' lang='lat' dir='ltr'>in</span> <span class='ocrx_word' id='word_1_84' title='bbox 299 1669 368 1711; x_wconf 90' lang='lat' dir='ltr'>esse</span> <span class='ocrx_word' id='word_1_85' title='bbox 403 1649 562 1730; x_wconf 89' lang='lat' dir='ltr'>personali</span> <span class='ocrx_word' id='word_1_86' title='bbox 598 1669 656 1731; x_wconf 89' lang='lat' dir='ltr'>per</span> <span class='ocrx_word' id='word_1_87' title='bbox 691 1649 906 1731; x_wconf 87' lang='lat' dir='ltr'>proprietates</span> <span class='ocrx_word' id='word_1_88' title='bbox 942 1649 1107 1728; x_wconf 88' lang='lat' dir='ltr'>relativas;</span> 
     </span>
     <span class='ocr_line' id='line_1_15' title="bbox 138 1755 494 1836; baseline 0.003 -20"><span class='ocrx_word' id='word_1_89' title='bbox 138 1763 275 1836; x_wconf 89' lang='lat' dir='ltr'>ergoet</span> <span class='ocrx_word' id='word_1_90' title='bbox 298 1755 403 1817; x_wconf 90' lang='lat' dir='ltr'>Pater.</span> <span class='ocrx_word' id='word_1_91' title='bbox 492 1781 494 1786; x_wconf 91' lang='lat'>·</span> 
     </span>
    </p>

    <p class='ocr_par' dir='ltr' id='par_1_6' title="bbox 138 1855 1144 2051">
     <span class='ocr_line' id='line_1_16' title="bbox 212 1855 1144 1943; baseline -0.002 -19"><span class='ocrx_word' id='word_1_92' title='bbox 212 1861 332 1924; x_wconf 86' lang='lat' dir='ltr'>Ultimo</span> <span class='ocrx_word' id='word_1_93' title='bbox 355 1862 420 1925; x_wconf 87' lang='lat' dir='ltr'>sic:</span> <span class='ocrx_word' id='word_1_94' title='bbox 446 1863 531 1925; x_wconf 88' lang='lat' dir='ltr'>Inter</span> <span class='ocrx_word' id='word_1_95' title='bbox 556 1873 710 1943; x_wconf 81' lang='lat' dir='ltr'>personas</span> <span class='ocrx_word' id='word_1_96' title='bbox 735 1862 862 1924; x_wconf 89' lang='lat' dir='ltr'>divinas</span> <span class='ocrx_word' id='word_1_97' title='bbox 885 1870 934 1924; x_wconf 87' lang='lat' dir='ltr'>est</span> <span class='ocrx_word' id='word_1_98' title='bbox 956 1861 1100 1924; x_wconf 87' lang='lat' dir='ltr'>essentia·</span> <span class='ocrx_word' id='word_1_99' title='bbox 1136 1855 1144 1866; x_wconf 89' lang='lat'>&#39;</span> 
     </span>
     <span class='ocr_line' id='line_1_17' title="bbox 138 1967 1107 2051; baseline 0.002 -23"><span class='ocrx_word' id='word_1_100' title='bbox 138 1967 260 2029; x_wconf 92' lang='lat' dir='ltr'>lissima</span> <span class='ocrx_word' id='word_1_101' title='bbox 282 1968 461 2044; x_wconf 88' lang='lat' dir='ltr'>connexio;</span> <span class='ocrx_word' id='word_1_102' title='bbox 486 1969 542 2030; x_wconf 86' lang='lat' dir='ltr'>sed</span> <span class='ocrx_word' id='word_1_103' title='bbox 569 1968 596 2030; x_wconf 90' lang='lat' dir='ltr'>si</span> <span class='ocrx_word' id='word_1_104' title='bbox 632 1969 726 2030; x_wconf 91' lang='lat' dir='ltr'>Pater</span> <span class='ocrx_word' id='word_1_105' title='bbox 762 1969 1012 2031; x_wconf 86' lang='lat' dir='ltr'>constitueretur</span> <span class='ocrx_word' id='word_1_106' title='bbox 1048 1989 1107 2051; x_wconf 92' lang='lat' dir='ltr'>per</span> 
     </span>
    </p>
   </div>
   <div class='ocr_carea' id='block_1_4' title="bbox 136 2067 1108 2457">
    <p class='ocr_par' dir='ltr' id='par_1_7' title="bbox 136 2067 1108 2457">
     <span class='ocr_line' id='line_1_18' title="bbox 137 2067 1108 2157; baseline 0.001 -22"><span class='ocrx_word' id='word_1_107' title='bbox 137 2073 429 2148; x_wconf 88' lang='lat' dir='ltr'>innascibilitatem,</span> <span class='ocrx_word' id='word_1_108' title='bbox 454 2095 520 2137; x_wconf 93' lang='lat' dir='ltr'>non</span> <span class='ocrx_word' id='word_1_109' title='bbox 544 2085 628 2138; x_wconf 90' lang='lat' dir='ltr'>esset</span> <span class='ocrx_word' id='word_1_110' title='bbox 651 2067 723 2138; x_wconf 91' lang='lat' dir='ltr'>talis</span> <span class='ocrx_word' id='word_1_111' title='bbox 747 2075 910 2148; x_wconf 81' lang='lat' dir='ltr'>connexio</span> <span class='ocrx_word' id='word_1_112' title='bbox 932 2075 1013 2138; x_wconf 88' lang='lat' dir='ltr'>inter</span> <span class='ocrx_word' id='word_1_113' title='bbox 1037 2097 1108 2157; x_wconf 92' lang='lat' dir='ltr'>per·</span> 
     </span>
     <span class='ocr_line' id='line_1_19' title="bbox 137 2175 1106 2264; baseline 0 -20"><span class='ocrx_word' id='word_1_114' title='bbox 137 2202 244 2256; x_wconf 84' lang='lat' dir='ltr'>sonas,</span> <span class='ocrx_word' id='word_1_115' title='bbox 269 2181 345 2263; x_wconf 89' lang='lat' dir='ltr'>quia</span> <span class='ocrx_word' id='word_1_116' title='bbox 369 2181 473 2264; x_wconf 90' lang='lat' dir='ltr'>magis</span> <span class='ocrx_word' id='word_1_117' title='bbox 496 2191 572 2243; x_wconf 91' lang='lat' dir='ltr'>sunt</span> <span class='ocrx_word' id='word_1_118' title='bbox 594 2201 745 2243; x_wconf 87' lang='lat' dir='ltr'>connexa</span> <span class='ocrx_word' id='word_1_119' title='bbox 769 2183 901 2244; x_wconf 92' lang='lat' dir='ltr'>relativa</span> <span class='ocrx_word' id='word_1_120' title='bbox 924 2175 1024 2264; x_wconf 85' lang='lat' dir='ltr'>quam</span> <span class='ocrx_word' id='word_1_121' title='bbox 1047 2182 1106 2244; x_wconf 89' lang='lat' dir='ltr'>ab·</span> 
     </span>
     <span class='ocr_line' id='line_1_20' title="bbox 137 2287 1107 2371; baseline -0.001 -21"><span class='ocrx_word' id='word_1_122' title='bbox 137 2289 262 2365; x_wconf 87' lang='lat' dir='ltr'>soluta;</span> <span class='ocrx_word' id='word_1_123' title='bbox 285 2309 365 2371; x_wconf 84' lang='lat' dir='ltr'>ergo</span> <span class='ocrx_word' id='word_1_124' title='bbox 399 2289 494 2351; x_wconf 88' lang='lat' dir='ltr'>Pater</span> <span class='ocrx_word' id='word_1_125' title='bbox 517 2309 583 2350; x_wconf 93' lang='lat' dir='ltr'>non</span> <span class='ocrx_word' id='word_1_126' title='bbox 607 2287 815 2350; x_wconf 86' lang='lat' dir='ltr'>constituitur</span> <span class='ocrx_word' id='word_1_127' title='bbox 846 2309 903 2370; x_wconf 90' lang='lat' dir='ltr'>per</span> <span class='ocrx_word' id='word_1_128' title='bbox 938 2288 1107 2351; x_wconf 90' lang='lat' dir='ltr'>innascibi-</span> 
     </span>
     <span class='ocr_line' id='line_1_21' title="bbox 136 2403 252 2457; baseline -0.017 0"><span class='ocrx_word' id='word_1_129' title='bbox 136 2403 252 2457; x_wconf 81' lang='lat' dir='ltr'>tatem.</span> 
     </span>
    </p>
   </div>
   <div class='ocr_carea' id='block_1_5' title="bbox 132 2607 1159 3756">
    <p class='ocr_par' dir='ltr' id='par_1_8' title="bbox 132 2607 1159 3756">
     <span class='ocr_line' id='line_1_22' title="bbox 205 2607 1107 2691; baseline -0.003 -19"><span class='ocrx_word' id='word_1_130' title='bbox 205 2607 277 2672; x_wconf 77' lang='lat' dir='ltr'>Ace</span> <span class='ocrx_word' id='word_1_131' title='bbox 289 2608 492 2691; x_wconf 77' lang='lat' dir='ltr'>primum</span> <span class='ocrx_word' id='word_1_132' title='bbox 516 2608 646 2670; x_wconf 90' lang='lat' dir='ltr'>alterius</span> <span class='ocrx_word' id='word_1_133' title='bbox 658 2607 819 2689; x_wconf 90' lang='lat' dir='ltr'>opinionis</span> <span class='ocrx_word' id='word_1_134' title='bbox 842 2607 1024 2688; x_wconf 91' lang='lat' dir='ltr'>respondeo</span> <span class='ocrx_word' id='word_1_135' title='bbox 1048 2627 1107 2688; x_wconf 89' lang='lat' dir='ltr'>per</span> 
     </span>
     <span class='ocr_line' id='line_1_23' title="bbox 136 2713 1106 2796; baseline -0.001 -20"><span class='ocrx_word' id='word_1_136' title='bbox 136 2714 421 2796; x_wconf 86' lang='lat' dir='ltr'>interemptionem</span> <span class='ocrx_word' id='word_1_137' title='bbox 438 2714 584 2776; x_wconf 84' lang='lat' dir='ltr'>minoris.</span> <span class='ocrx_word' id='word_1_138' title='bbox 602 2750 646 2761; x_wconf 98' lang='lat'>-</span> <span class='ocrx_word' id='word_1_139' title='bbox 661 2714 872 2795; x_wconf 81' lang='lat' dir='ltr'>Adprimam</span> <span class='ocrx_word' id='word_1_140' title='bbox 882 2713 1106 2796; x_wconf 83' lang='lat' dir='ltr'>probationem</span> 
     </span>
     <span class='ocr_line' id='line_1_24' title="bbox 135 2819 1107 2904; baseline -0.001 -22"><span class='ocrx_word' id='word_1_141' title='bbox 135 2841 195 2904; x_wconf 91' lang='lat' dir='ltr'>per</span> <span class='ocrx_word' id='word_1_142' title='bbox 218 2821 446 2904; x_wconf 86' lang='lat' dir='ltr'>Augustinum</span> <span class='ocrx_word' id='word_1_143' title='bbox 471 2821 588 2883; x_wconf 92' lang='lat' dir='ltr'>dicitur</span> <span class='ocrx_word' id='word_1_144' title='bbox 616 2841 683 2883; x_wconf 92' lang='lat' dir='ltr'>uno</span> <span class='ocrx_word' id='word_1_145' title='bbox 708 2821 808 2883; x_wconf 91' lang='lat' dir='ltr'>modo</span> <span class='ocrx_word' id='word_1_146' title='bbox 831 2820 922 2902; x_wconf 91' lang='lat' dir='ltr'>quod</span> <span class='ocrx_word' id='word_1_147' title='bbox 946 2819 1107 2902; x_wconf 85' lang='lat' dir='ltr'>Augusti·</span> 
     </span>
     <span class='ocr_line' id='line_1_25' title="bbox 136 2927 1104 3009; baseline -0.002 -19"><span class='ocrx_word' id='word_1_148' title='bbox 136 2949 199 2990; x_wconf 89' lang='lat' dir='ltr'>nus</span> <span class='ocrx_word' id='word_1_149' title='bbox 223 2949 288 2990; x_wconf 93' lang='lat' dir='ltr'>non</span> <span class='ocrx_word' id='word_1_150' title='bbox 313 2928 454 3009; x_wconf 87' lang='lat' dir='ltr'>respexit</span> <span class='ocrx_word' id='word_1_151' title='bbox 477 2928 519 2990; x_wconf 90' lang='lat' dir='ltr'>ad</span> <span class='ocrx_word' id='word_1_152' title='bbox 548 2936 698 2990; x_wconf 89' lang='lat' dir='ltr'>naturam</span> <span class='ocrx_word' id='word_1_153' title='bbox 730 2927 865 3000; x_wconf 88' lang='lat' dir='ltr'>essendi,</span> <span class='ocrx_word' id='word_1_154' title='bbox 897 2927 954 2989; x_wconf 87' lang='lat' dir='ltr'>sed</span> <span class='ocrx_word' id='word_1_155' title='bbox 976 2927 1018 2988; x_wconf 85' lang='lat' dir='ltr'>ad</span> <span class='ocrx_word' id='word_1_156' title='bbox 1048 2947 1104 2988; x_wconf 91' lang='lat' dir='ltr'>na-</span> 
     </span>
     <span class='ocr_line' id='line_1_26' title="bbox 134 3033 1107 3116; baseline -0.001 -21"><span class='ocrx_word' id='word_1_157' title='bbox 134 3043 244 3095; x_wconf 92' lang='lat' dir='ltr'>turam</span> <span class='ocrx_word' id='word_1_158' title='bbox 269 3033 467 3116; x_wconf 88' lang='lat' dir='ltr'>intelligendi</span> <span class='ocrx_word' id='word_1_159' title='bbox 498 3042 639 3107; x_wconf 87' lang='lat' dir='ltr'>tantum,</span> <span class='ocrx_word' id='word_1_160' title='bbox 671 3034 761 3114; x_wconf 92' lang='lat' dir='ltr'>quod</span> <span class='ocrx_word' id='word_1_161' title='bbox 793 3033 974 3095; x_wconf 89' lang='lat' dir='ltr'>intellectus</span> <span class='ocrx_word' id='word_1_162' title='bbox 997 3041 1107 3114; x_wconf 87' lang='lat' dir='ltr'>potest</span> 
     </span>
     <span class='ocr_line' id='line_1_27' title="bbox 134 3138 1105 3222; baseline -0.003 -18"><span class='ocrx_word' id='word_1_163' title='bbox 134 3139 204 3204; x_wconf 90' lang='lat' dir='ltr'>fieri</span> <span class='ocrx_word' id='word_1_164' title='bbox 228 3161 324 3222; x_wconf 92' lang='lat' dir='ltr'>super</span> <span class='ocrx_word' id='word_1_165' title='bbox 347 3141 529 3222; x_wconf 88' lang='lat' dir='ltr'>ingenitum</span> <span class='ocrx_word' id='word_1_166' title='bbox 562 3149 594 3203; x_wconf 91' lang='lat' dir='ltr'>et</span> <span class='ocrx_word' id='word_1_167' title='bbox 618 3161 684 3202; x_wconf 94' lang='lat' dir='ltr'>non</span> <span class='ocrx_word' id='word_1_168' title='bbox 717 3161 814 3221; x_wconf 90' lang='lat' dir='ltr'>super</span> <span class='ocrx_word' id='word_1_169' title='bbox 838 3138 1004 3221; x_wconf 67' lang='lat' dir='ltr'>genuisse}</span> <span class='ocrx_word' id='word_1_170' title='bbox 1022 3139 1105 3201; x_wconf 91' lang='lat' dir='ltr'>sicut</span> 
     </span>
     <span class='ocr_line' id='line_1_28' title="bbox 134 3244 1108 3328; baseline -0.001 -19"><span class='ocrx_word' id='word_1_171' title='bbox 134 3247 317 3310; x_wconf 86' lang='lat' dir='ltr'>intellectus</span> <span class='ocrx_word' id='word_1_172' title='bbox 340 3256 448 3328; x_wconf 91' lang='lat' dir='ltr'>potest</span> <span class='ocrx_word' id='word_1_173' title='bbox 471 3245 538 3309; x_wconf 89' lang='lat' dir='ltr'>fieri</span> <span class='ocrx_word' id='word_1_174' title='bbox 562 3267 659 3328; x_wconf 92' lang='lat' dir='ltr'>super</span> <span class='ocrx_word' id='word_1_175' title='bbox 683 3245 860 3309; x_wconf 89' lang='lat' dir='ltr'>siccitatem</span> <span class='ocrx_word' id='word_1_176' title='bbox 885 3267 950 3308; x_wconf 93' lang='lat' dir='ltr'>non</span> <span class='ocrx_word' id='word_1_177' title='bbox 972 3244 1108 3308; x_wconf 88' lang='lat' dir='ltr'>serendo</span> 
     </span>
     <span class='ocr_line' id='line_1_29' title="bbox 133 3352 1104 3436; baseline -0.004 -19"><span class='ocrx_word' id='word_1_178' title='bbox 133 3373 172 3417; x_wconf 90' lang='lat' dir='ltr'>se</span> <span class='ocrx_word' id='word_1_179' title='bbox 182 3374 278 3436; x_wconf 87' lang='lat' dir='ltr'>super</span> <span class='ocrx_word' id='word_1_180' title='bbox 294 3353 537 3436; x_wconf 90' lang='lat' dir='ltr'>corruptionem</span> <span class='ocrx_word' id='word_1_181' title='bbox 551 3353 739 3416; x_wconf 91' lang='lat' dir='ltr'>humorum.</span> <span class='ocrx_word' id='word_1_182' title='bbox 757 3353 864 3416; x_wconf 89' lang='lat' dir='ltr'>Aliter</span> <span class='ocrx_word' id='word_1_183' title='bbox 880 3352 998 3415; x_wconf 92' lang='lat' dir='ltr'>dicitur</span> <span class='ocrx_word' id='word_1_184' title='bbox 1013 3353 1104 3433; x_wconf 89' lang='lat' dir='ltr'>quod</span> 
     </span>
     <span class='ocr_line' id='line_1_30' title="bbox 134 3459 1159 3556; baseline -0.003 -33"><span class='ocrx_word' id='word_1_185' title='bbox 134 3461 216 3524; x_wconf 92' lang='lat' dir='ltr'>illud</span> <span class='ocrx_word' id='word_1_186' title='bbox 238 3461 375 3523; x_wconf 88' lang='lat' dir='ltr'>verbum</span> <span class='ocrx_word' id='word_1_187' title='bbox 400 3481 466 3523; x_wconf 93' lang='lat' dir='ltr'>non</span> <span class='ocrx_word' id='word_1_188' title='bbox 489 3469 538 3522; x_wconf 92' lang='lat' dir='ltr'>est</span> <span class='ocrx_word' id='word_1_189' title='bbox 561 3459 743 3556; x_wconf 79' lang='lat' dir='ltr'>Augustini</span> <span class='ocrx_word' id='word_1_190' title='bbox 768 3459 986 3541; x_wconf 89' lang='lat' dir='ltr'>principaliter</span> <span class='ocrx_word' id='word_1_191' title='bbox 1009 3468 1107 3521; x_wconf 88' lang='lat' dir='ltr'>etex</span> <span class='ocrx_word' id='word_1_192' title='bbox 1156 3537 1159 3542; x_wconf 28' lang='grc' dir='ltr'>Ι</span> 
     </span>
     <span class='ocr_line' id='line_1_31' title="bbox 133 3565 1102 3642; baseline -0.004 -12"><span class='ocrx_word' id='word_1_193' title='bbox 133 3568 323 3642; x_wconf 88' lang='lat' dir='ltr'>intentione,</span> <span class='ocrx_word' id='word_1_194' title='bbox 347 3567 403 3630; x_wconf 91' lang='lat' dir='ltr'>sed</span> <span class='ocrx_word' id='word_1_195' title='bbox 427 3565 526 3629; x_wconf 91' lang='lat' dir='ltr'>habet</span> <span class='ocrx_word' id='word_1_196' title='bbox 549 3567 628 3629; x_wconf 89' lang='lat' dir='ltr'>illud</span> <span class='ocrx_word' id='word_1_197' title='bbox 644 3566 783 3629; x_wconf 91' lang='lat' dir='ltr'>verbum</span> <span class='ocrx_word' id='word_1_198' title='bbox 807 3566 849 3628; x_wconf 89' lang='lat' dir='ltr'>ab</span> <span class='ocrx_word' id='word_1_199' title='bbox 873 3565 1008 3628; x_wconf 90' lang='lat' dir='ltr'>Arianis</span> <span class='ocrx_word' id='word_1_200' title='bbox 1023 3585 1102 3628; x_wconf 90' lang='lat' dir='ltr'>con-</span> 
     </span>
     <span class='ocr_line' id='line_1_32' title="bbox 132 3671 1103 3756; baseline -0.008 -15"><span class='ocrx_word' id='word_1_201' title='bbox 132 3683 186 3741; x_wconf 79' lang='lat' dir='ltr'>tta</span> <span class='ocrx_word' id='word_1_202' title='bbox 208 3694 291 3756; x_wconf 88' lang='lat' dir='ltr'>quos</span> <span class='ocrx_word' id='word_1_203' title='bbox 313 3673 511 3755; x_wconf 88' lang='lat' dir='ltr'>disputabat,</span> <span class='ocrx_word' id='word_1_204' title='bbox 535 3683 567 3736; x_wconf 89' lang='lat' dir='ltr'>et</span> <span class='ocrx_word' id='word_1_205' title='bbox 597 3673 671 3736; x_wconf 90' lang='lat' dir='ltr'>ideo</span> <span class='ocrx_word' id='word_1_206' title='bbox 694 3673 812 3754; x_wconf 93' lang='lat' dir='ltr'>accipit</span> <span class='ocrx_word' id='word_1_207' title='bbox 843 3672 931 3735; x_wconf 89' lang='lat' dir='ltr'>illam</span> <span class='ocrx_word' id='word_1_208' title='bbox 956 3671 1103 3754; x_wconf 90' lang='lat' dir='ltr'>proposi·</span> 
     </span>
    </p>
   </div>
   <div class='ocr_carea' id='block_1_6' title="bbox 0 0 1346 4209">
    <p class='ocr_par' dir='ltr' id='par_1_9' title="bbox 0 0 1346 4209">
     <span class='ocr_line' id='line_1_33' title="bbox 0 0 1346 4209; baseline 0 2"><span class='ocrx_word' id='word_1_209' title='bbox 0 0 1346 4209; x_wconf 95' lang='lat' dir='ltr'> </span> 
     </span>
    </p>
   </div>
  </div>
 </body>
</html>
