2684 4209
283 271 347 333 324
542 254 615 316 Lm.
641 254 654 315 1
680 252 974 317 Snurnurmnuu

325 461 439 523 Posses
462 459 544 523 sorte
566 460 672 522 dicere
695 460 785 541 quod
798 468 1031 540 argumentum
1045 479 1112 520 non
1127 458 1222 540 cogit.

257 567 334 649 quia
358 566 469 630 relatio
492 588 558 629 non
582 575 690 647 potest
714 586 844 627 manere
858 565 998 627 termino
1011 586 1078 627 non
1097 586 1222 627 manen·

258 684 300 747 te,
324 674 407 736 sicut
431 682 539 735 motus
555 672 654 735 habet
678 672 866 737 relationem
891 673 1011 734 realem
1047 673 1091 733 ad
1122 672 1224 734 termi-

258 801 338 842 num
362 790 538 861 antequam
561 780 719 842 terminus
742 779 791 853 sit,
816 779 921 841 immo
952 788 1129 859 postquam
1167 790 1222 840 ter-

260 887 367 949 minus
378 896 436 959 est,
462 895 570 948 motus
594 906 659 948 non
672 894 730 959 est,
744 886 821 967 quia
834 884 998 947 habitibus
1011 885 1225 967 praesentibus

259 994 291 1053 in
317 994 450 1056 materia
472 1001 575 1055 cessat
600 1002 710 1054 motus
732 1012 774 1053 ex
798 1010 827 1053 Ι.
852 991 891 1053 dr
914 991 1028 1053 Gener.
1045 1028 1090 1038 —
1110 991 1222 1056 Contra

261 1100 519 1181 unumquodque
542 1099 615 1180 plus
638 1098 800 1179 dependet
823 1098 866 1160 ab
893 1119 932 1160 eo
956 1120 1013 1180 per
1037 1100 1129 1180 quod
1151 1097 1224 1160 defi-

171 1186 178 1197 .
261 1206 347 1267 nitur
367 1226 467 1287 quam
494 1206 537 1267 ab
559 1226 599 1267 eo
615 1225 673 1285 per
699 1204 789 1286 quod
817 1226 883 1266 non
907 1204 1074 1275 definitur:
1103 1206 1159 1267 sed
1182 1225 1224 1266 re-

261 1313 337 1375 latio
361 1312 510 1374 definitur
535 1332 592 1393 per
615 1312 791 1374 terminum
817 1322 850 1373 et
873 1332 938 1373 non
964 1332 1020 1393 per
1037 1310 1224 1374 fundamen·
1309 1386 1310 1393 ἵ

261 1430 347 1498 tum3
363 1440 442 1500 ergo
466 1419 540 1500 plus
563 1419 726 1500 dependet
749 1440 767 1480 a
791 1418 931 1480 termino
954 1439 1054 1499 quam
1076 1440 1096 1480 a
1113 1418 1224 1481 funda·
1309 1404 1310 1415 ἵ

262 1535 383 1589 mento,
408 1526 473 1589 Sed
497 1525 608 1587 relatio
632 1546 698 1587 non
722 1534 829 1606 potest
852 1546 922 1587 esse
945 1526 1014 1587 sine
1035 1523 1224 1587 fundamen-

261 1642 309 1704 to;
334 1653 413 1713 ergo
437 1653 496 1695 nec
518 1632 586 1694 sine
609 1632 747 1693 termino
774 1641 881 1712 potest
903 1652 982 1695 esse.
995 1632 1223 1703 -Prcetcrru,

261 1738 458 1801 essentialius
481 1748 529 1800 est
552 1738 739 1800 relationem
763 1759 831 1800 esse
865 1738 919 1808 ad,
944 1760 1044 1819 quam
1069 1760 1139 1801 esse
1173 1739 1222 1813 iu;

262 1845 318 1907 sed
342 1856 378 1906 ut
400 1854 449 1907 est
465 1846 500 1907 in
517 1846 696 1907 necessario
713 1846 939 1926 praesupponit
959 1844 1221 1919 fundamentum

262 1972 341 2033 ergo
365 1961 401 2012 ut
423 1960 472 2013 est
494 1952 542 2014 ad
562 1952 740 2014 necessario
756 1951 854 2013 habet
866 1951 1054 2013 terminum.
1074 1952 1143 2014 Nec
1165 1953 1225 2014 ius-

263 2059 370 2120 tuutr'a
394 2059 435 2120 de
459 2070 544 2120 motu
568 2059 664 2131 valet,
689 2058 765 2139 quia
790 2068 900 2121 motus
924 2058 1026 2120 habet
1049 2060 1223 2121 terminum

263 2165 483 2229 intrinsecum.

330 2378 390 2439 Ao
415 2391 559 2440 rnmuu
583 2392 799 2440 numerumn
823 2378 897 2439 dieo
920 2378 1010 2459 quod
1028 2378 1162 2441 scientia
1181 2390 1225 2441 est

264 2485 403 2565 duplex:
428 2484 580 2565 quaedam
605 2494 653 2545 est
676 2504 751 2566 quae
775 2494 823 2545 est
835 2505 932 2546 causa
958 2506 1078 2555 rerum.
1097 2496 1131 2547 et
1144 2506 1226 2567 quae-

264 2593 341 2652 rlam
365 2601 413 2653 est
436 2611 510 2672 quae
534 2602 583 2653 est
606 2599 737 2652 causata
759 2612 778 2651 a
802 2590 907 2653 rebus.
933 2590 1078 2654 Scientia
1118 2602 1225 2655 autem

267 2698 328 2759 isto
351 2698 494 2759 secundo
518 2697 619 2758 modo
642 2708 774 2777 sumpta
798 2696 931 2759 refertur
951 2690 997 2759 ad
1021 2698 1149 2775 scibile;
1173 2702 1225 2763 sed

268 2805 401 2866 seientia
424 2804 529 2886 primo
554 2804 653 2865 modo
678 2814 818 2885 sumpta,
835 2824 910 2885 quae
934 2813 983 2866 est
998 2825 1097 2867 causa
1112 2828 1225 2877 rerum,

265 2912 347 2973 sicut
364 2921 412 2972 est
435 2911 567 2972 scientia
590 2910 708 2984 divina,
734 2931 799 2972 non
824 2908 957 2973 refertur
982 2912 1139 2975 relatione
1155 2912 1225 2976 reali

269 3018 310 3079 ad
335 3038 384 3079 res
406 3027 538 3079 creatas.

332 3125 390 3185 Ad
409 3124 583 3185 secuudum
600 3123 716 3184 dicitur
738 3124 828 3204 quod
845 3124 952 3205 masor
966 3134 1015 3186 est
1037 3146 1114 3187 vera
1131 3146 1226 3208 quan·

264 3231 309 3292 do
337 3251 437 3311 agens
465 3240 514 3291 est
538 3229 714 3310 possibilr,·
746 3230 878 3311 quando
911 3239 1022 3293 autem
1054 3252 1158 3314 agens
1180 3242 1225 3295 est

265 3358 308 3399 ex
332 3358 365 3398 se
389 3336 602 3399 necessarium
626 3345 658 3398 et
682 3336 821 3417 perfecte
845 3336 1043 3418 simpliciter.
1062 3347 1141 3400 tunc
1162 3360 1224 3401 non

266 3453 314 3504 est
337 3464 460 3514 verum,
485 3443 568 3505 sicut
591 3442 622 3505 in
637 3444 814 3523 proposito.
829 3478 872 3488 -
888 3443 997 3504 Aliter
1010 3444 1127 3506 dicitur
1140 3445 1227 3526 quod

266 3569 366 3627 agens
390 3549 583 3629 inquantum
608 3569 708 3628 agens
731 3550 857 3610 actione
881 3569 946 3611 non
974 3551 1180 3631 dependente
1211 3572 1228 3613 a

267 3652 405 3717 termino
430 3673 494 3714 non
520 3652 618 3714 habet
641 3655 828 3716 relationem
853 3656 971 3715 realem
988 3658 1029 3717 ad
1053 3657 1176 3738 ipsum;
1190 3659 1229 3719 de
