2684 4209
279 223 343 301 378
546 219 621 282 Lm.
645 220 660 282 1
685 219 976 284 Sauramnuuu

256 427 455 490 voluntatem
471 436 506 489 et
521 427 687 508 illapsum.
705 426 840 508 Propter
856 426 1060 489 intellectum
1089 428 1229 509 quidem

252 543 304 596 est
326 533 448 615 ubique
471 554 529 615 per
552 532 769 614 praesentiam,
794 541 926 615 propter
949 534 1165 597 voluntatem
1180 547 1228 597 est

256 641 377 722 ubique
391 659 457 721 per
480 639 670 722 potentiam,
695 649 828 721 propter
851 639 1001 722 illapsum
1025 649 1078 702 est
1103 641 1230 723 ubique

256 767 313 828 per
336 747 518 820 essentiam,
543 766 619 808 nam
642 746 780 809 essentia
797 746 858 809 Dei
874 746 1007 810 cuilibet
1022 757 1150 810 creatae
1172 769 1232 810 en·

256 853 341 916 titati
365 853 464 916 habet
487 853 583 915 illabi.

322 960 514 1023 Notandum
538 969 648 1022 autem
673 961 764 1041 quod
781 970 898 1042 praeter
916 959 992 1022 istos
1015 969 1083 1022 tres
1105 961 1231 1022 modos

259 1066 423 1148 generales
447 1066 566 1148 quibus
591 1066 681 1128 Deus
703 1077 753 1129 est
776 1066 906 1148 ubique,
930 1065 1039 1129 adhuc
1063 1076 1114 1128 est
1132 1066 1232 1129 Deus-

259 1173 381 1254 ubique
404 1174 504 1235 modo
528 1173 696 1255 spirituali,
721 1172 798 1255 quia
820 1182 869 1235 est
892 1173 924 1234 in
937 1173 1056 1235 sanctis
1073 1193 1132 1254 per
1149 1172 1225 1235 cha-

250 1279 384 1342 ritatem
408 1289 441 1341 et
464 1279 615 1361 gratiam.
640 1280 733 1354 Item,
757 1279 861 1342 estin
886 1278 1016 1342 Christo
1039 1299 1100 1360 par
1132 1281 1224 1341 unio-

258 1405 332 1448 nem
357 1385 458 1448 Verbi
482 1386 524 1447 ad
549 1394 700 1448 naturam
733 1385 925 1460 humanam,
959 1405 1035 1466 quae
1060 1385 1141 1447 unio
1173 1395 1222 1448 est

259 1491 457 1554 nobilissima
480 1501 513 1555 et
536 1492 815 1555 excellentissima.

324 1719 374 1767 no
391 1719 535 1768 namon
561 1719 777 1768 premeretur:
801 1705 875 1769 dico
898 1705 989 1787 quod
1009 1704 1227 1787 Augustinus

258 1812 413 1894 intellegit
435 1812 526 1894 quod
551 1812 641 1874 Deus
664 1833 730 1874 non
761 1820 810 1874 est
840 1811 956 1874 alicubi
988 1811 1143 1874 localiter.
1178 1811 1221 1872 Et

256 1939 332 1981 cum
358 1918 489 1981 ulterius
512 1918 628 1980 dicitur
651 1919 742 2000 quod
776 1919 863 1981 idem
897 1928 981 1981 esset
1012 1917 1045 1980 in
1077 1939 1121 1990 se,
1146 1918 1227 1979 dico

256 2023 347 2106 quod
371 2045 436 2086 non
459 2035 507 2087 est
530 2025 769 2100 inconveniens,
794 2025 853 2088 nisi
883 2034 968 2088 esset
984 2025 1119 2086 modus
1150 2023 1221 2085 uni-

256 2129 368 2193 formis
390 2131 525 2205 essendi,
549 2140 582 2194 et
606 2131 667 2194 isto
692 2132 792 2194 modo
809 2140 908 2214 negat
931 2130 1153 2212 Philosophus
1177 2128 1227 2192 ni·-

258 2237 302 2299 hil
325 2258 394 2301 esse
416 2239 449 2301 in
472 2259 506 2300 se
529 2237 715 2301 formaliter.

324 2343 382 2406 Ad
404 2344 581 2408 secundum
606 2365 692 2427 nego
723 2345 1000 2426 consequentia-m,
1032 2364 1100 2406 non
1131 2343 1218 2405 enim

257 2460 387 2533 oportet
409 2452 499 2533 quod
523 2450 614 2514 Deus
637 2460 781 2514 mutetur
804 2452 829 2514 si
855 2452 945 2514 Deus
961 2459 1009 2514 est
1025 2450 1158 2531 ubique.
1177 2449 1219 2510 Et

257 2577 332 2620 cum
344 2558 503 2639 probatur
517 2559 594 2640 quia
617 2551 642 2620 s'i
660 2558 750 2620 Deus
765 2567 887 2621 crearet
903 2577 1026 2621 novum
1045 2556 1218 2627 mundum,

258 2664 379 2727 ibidem
395 2665 437 2728 de
461 2685 546 2727 novo
570 2674 662 2738 esset,
680 2665 753 2726 dico
768 2665 858 2746 quod
875 2685 940 2727 non
956 2663 1102 2746 sequitur
1126 2683 1226 2744 prop·-

256 2780 306 2834 ter
336 2771 400 2833 hoc
424 2771 561 2834 mutatio
597 2771 629 2833 in
657 2771 740 2845 De0‚
768 2771 845 2853 quia
873 2791 937 2834 non
962 2769 1096 2832 haberet
1129 2769 1219 2830 Deus

258 2887 391 2960 propter
419 2877 481 2940 hoc
515 2877 657 2958 aliquam
690 2897 810 2940 novam
834 2877 1022 2939 relationem
1057 2875 1101 2937 ad
1123 2875 1215 2938 istam

256 2994 438 3048 creaturam
462 2984 613 3066 quamvis
636 2984 696 3046 ista
711 2993 858 3047 creatura
881 2983 1013 3046 haberet
1029 2982 1216 3045 relationem

258 3093 376 3156 realem
400 3093 442 3154 ad
467 3091 586 3155 Deum.
779 3091 782 3098 '

328 3194 435 3265 Circa
452 3195 567 3264 istam
582 3199 732 3282 partem
749 3197 838 3260 istius
862 3195 1086 3259 Distinctionis
1100 3196 1135 3258 in
1154 3215 1216 3277 qua

259 3304 493 3368 incidentaliter
537 3304 654 3386 quaerit
692 3303 848 3386 Magister
884 3303 926 3365 de
957 3302 1118 3365 locatione
1147 3302 1224 3364 sub-

255 3411 449 3474 stantiarum
473 3410 698 3492 spiritualium,
723 3409 890 3473 consuevit
905 3409 1008 3491 quaeri
1031 3407 1218 3472 aDoctori·

257 3519 335 3581 bus:
365 3517 481 3580 Utrum
504 3517 688 3579 substantia
718 3515 914 3598 spiritualis,
940 3525 1024 3597 puta
1054 3514 1211 3598 Angelus,

252 3623 302 3685 sit
323 3623 358 3685 in
382 3623 457 3694 loco,
484 3631 517 3683 et
528 3633 588 3702 per
609 3622 753 3704 quidest
775 3621 811 3684 in
835 3621 907 3694 loco,
925 3631 958 3683 et
978 3621 1013 3684 si
1023 3621 1136 3702 plures
1151 3621 1221 3682 An*
