2684 4209
347 335 537 402 D1sr1ncr.
561 337 693 400 XXVII
718 336 903 418 Qun-sul
1040 355 1100 418 301

224 542 290 608 De
304 543 460 626 primo
481 551 557 605 sunt
580 553 722 625 quatuor
747 543 836 606 modi
854 543 992 606 dicendi.
1013 539 1126 612 Unus

152 649 246 732 quod
258 649 396 713 verbum
408 649 557 713 sensibile
569 649 787 732 principaliter
799 649 961 733 significat
983 671 1123 732 concep-

153 767 229 819 tum
246 758 372 831 mentis
388 756 465 840 quia
481 756 698 839 Philosophus
714 757 791 819 dicit
814 756 846 819 in
870 757 941 820 Lib.
966 756 1121 820 Perz'lrer-

153 864 292 936 mem'as,
319 864 411 946 quod
434 885 530 926 voces
553 872 629 926 sunt
651 863 745 946 signa
768 884 880 926 earum
904 883 979 944 quae
996 863 1116 927 suntin

154 970 265 1033 anima
288 971 486 1052 passionum.
510 1006 555 1017 —
577 971 751 1042 Proeterea,
773 970 982 1052 Augustinus
998 971 1030 1033 in
1045 971 1115 1033 En-

153 1075 330 1151 clziridion‚
355 1077 433 1139 dicit
455 1078 545 1159 quod
569 1077 703 1139 nomina
726 1085 802 1139 sunt
825 1076 977 1158 imposita
1008 1077 1050 1139 ad
1085 1077 1128 1139 si·

154 1183 379 1266 gnificandum
403 1185 633 1266 conceptiones
647 1183 843 1246 animorum.
861 1183 1035 1274 Proterea,
1050 1203 1118 1246 ver·

156 1291 240 1353 bum
263 1291 411 1353 sensibile
434 1291 511 1352 illud
536 1291 754 1373 principaliter
785 1288 946 1372 significat
984 1290 1016 1352 in
1054 1312 1125 1372 quo

161 1398 308 1461 consistit
330 1399 448 1460 veritas
470 1398 521 1459 vel
545 1396 675 1460 salsitas.
700 1397 765 1461 Sed
789 1396 906 1459 veritas
928 1397 978 1459 vel
1003 1395 1126 1460 salsitas

156 1505 340 1567 consistunt
363 1505 580 1586 principaliter
597 1505 628 1567 in
645 1514 768 1580 mente;
798 1524 878 1586 ergo
900 1504 1039 1566 verbum
1055 1524 1126 1566 sen-

160 1610 252 1674 sibile
275 1611 494 1693 principaliter
517 1609 678 1694 significat
701 1620 898 1692 conceptum
923 1611 1049 1672 mentis.

221 1713 313 1785 Alia
335 1716 465 1803 opinio
488 1717 680 1799 dicitquod
703 1717 840 1779 verbum
864 1717 1012 1780 sensibile
1033 1718 1118 1798 prin·

154 1824 300 1906 cipaliter
344 1823 506 1907 significat
529 1845 597 1887 rem
621 1825 663 1886 ad
698 1833 792 1886 extra
815 1823 892 1906 quia
915 1824 993 1886 alias
1033 1824 1126 1886 nulla

152 1941 239 1995 esset
261 1932 438 2013 propositio
461 1952 547 2004 vera,
572 1932 630 1993 nisi
644 1932 676 1994 in
700 1952 766 2012 qua
782 1931 1014 2012 praedicaretur
1031 1931 1119 1993 idem

153 2040 197 2101 de
218 2039 341 2121 seipso3
365 2039 505 2101 dicendo
528 2039 615 2100 enim
640 2037 742 2100 homo
765 2047 813 2099 est
836 2037 955 2100 animal
972 2047 1055 2100 esset
1072 2037 1120 2100 di-

152 2166 226 2208 cere
241 2155 419 2226 conceptus
432 2145 572 2207 hominis
587 2154 636 2206 est
659 2154 837 2226 conceptus
853 2144 1010 2206 animalis.
1025 2143 1115 2207 Pne-

154 2263 250 2326 terea,
274 2252 353 2315 illud
376 2252 594 2334 principaliter
616 2249 778 2334 significat
800 2252 937 2314 verbum
954 2252 1044 2333 quod
1058 2251 1120 2332 pri-

156 2380 214 2421 mo
237 2360 417 2441 concipitur
440 2381 460 2422 a
484 2361 652 2440 loquente;
677 2359 733 2421 sed
757 2359 835 2421 illud
858 2367 907 2420 est
931 2378 980 2420 res
1012 2368 1123 2435 extra;

153 2487 248 2549 ergo

223 2569 314 2639 Alia
337 2570 467 2657 opinio
490 2573 569 2635 dicit
591 2573 681 2654 quod
705 2572 842 2634 verbum
859 2571 1007 2634 sensibile
1023 2572 1123 2634 habet

154 2679 319 2761 duplicem
345 2679 580 2752 habitudinem,
606 2699 670 2741 una
694 2680 735 2740 ad
760 2677 978 2759 proferentem
1009 2687 1042 2740 et
1073 2679 1118 2740 sic

155 2783 318 2868 significat
340 2796 537 2868 conceptum
562 2786 688 2859 mentis
713 2785 809 2847 aliam
839 2785 882 2847 ad
919 2785 1119 2858 audientem,

153 2900 188 2955 et
211 2892 256 2954 sic
278 2891 439 2974 significat
464 2913 532 2955 rem
555 2901 658 2954 extra.

228 2994 377 3084 Quarta
400 2998 531 3084 opim'o
542 3000 620 3062 dicit
632 2999 723 3080 quod
739 2999 876 3061 verbum
893 2998 1042 3060 sensibile
1054 2998 1123 3060 duo

152 3104 324 3188 significat,
349 3105 468 3169 scilicet
491 3116 689 3188 conceptum
715 3106 832 3168 mentis
855 3113 892 3166 ut
914 3125 934 3166 a
950 3125 1017 3185 quo
1030 3124 1119 3167 ema-

153 3221 222 3286 nat‚
245 3222 278 3275 et
301 3233 370 3275 rem
393 3222 487 3275 extra
509 3234 611 3295 quam
639 3213 817 3295 imponitur
856 3211 897 3273 ad
936 3208 1119 3293 significan·

154 3321 249 3382 dum.

225 3425 293 3489 Sed
311 3427 464 3510 objr'citur
478 3438 592 3489 contra
604 3427 698 3489 istam
712 3427 914 3508 opinionem:
928 3423 1038 3488 Omne
1054 3444 1121 3486 ver·

153 3534 237 3596 bum
253 3535 320 3596 sive
342 3534 449 3596 omnis
471 3555 540 3596 vox
562 3542 611 3596 est
633 3532 679 3595 sic
702 3533 872 3614 aequivoca
895 3532 945 3594 vel
969 3532 1122 3613 analoga,

153 3641 233 3722 quia
255 3638 417 3722 significat
439 3641 574 3703 diversa.
598 3675 643 3688 -
664 3641 888 3721 Respondetur
922 3638 1012 3719 quod
1051 3657 1120 3700 vox

154 3767 222 3811 non
245 3755 295 3810 est
318 3747 488 3830 aequivoca
503 3769 546 3810 ex
569 3768 609 3810 eo
633 3748 724 3829 quod
740 3745 901 3830 significat
912 3745 1037 3807 diversa
1053 3753 1122 3807 tan-
