<?xml version="1.0" encoding="UTF-8"?>
<!DOCTYPE html PUBLIC "-//W3C//DTD XHTML 1.0 Transitional//EN"
    "http://www.w3.org/TR/xhtml1/DTD/xhtml1-transitional.dtd">
<html xmlns="http://www.w3.org/1999/xhtml" xml:lang="en" lang="en">
 <head>
  <title>
</title>
<meta http-equiv="Content-Type" content="text/html;charset=utf-8" />
  <meta name='ocr-system' content='tesseract 3.04.00' />
  <meta name='ocr-capabilities' content='ocr_page ocr_carea ocr_par ocr_line ocrx_word'/>
</head>
<body>
  <div class='ocr_page' id='page_1' title='image "./commentariainli01scotgoog_0427.png"; bbox 0 0 2684 4209; ppageno 0'>
   <div class='ocr_carea' id='block_1_1' title="bbox 331 261 1062 343">
    <p class='ocr_par' dir='ltr' id='par_1_1' title="bbox 331 261 1062 343">
     <span class='ocr_line' id='line_1_1' title="bbox 331 261 1062 343; baseline 0 -18"><span class='ocrx_word' id='word_1_1' title='bbox 331 264 519 325; x_wconf 79' lang='lat' dir='ltr'><strong>DISTINCT.</strong></span> <span class='ocrx_word' id='word_1_2' title='bbox 544 262 637 325; x_wconf 90' lang='lat' dir='ltr'>XLII</span> <span class='ocrx_word' id='word_1_3' title='bbox 662 261 812 343; x_wconf 80' lang='lat' dir='ltr'>QUAEST.</span> <span class='ocrx_word' id='word_1_4' title='bbox 837 263 867 324; x_wconf 90' lang='lat' dir='ltr'>II</span> <span class='ocrx_word' id='word_1_5' title='bbox 1001 281 1062 341; x_wconf 89' lang='lat'>411</span> 
     </span>
    </p>
   </div>
   <div class='ocr_carea' id='block_1_2' title="bbox 120 466 1103 1830">
    <p class='ocr_par' dir='ltr' id='par_1_2' title="bbox 120 466 1102 1294">
     <span class='ocr_line' id='line_1_2' title="bbox 120 466 1102 550; baseline 0.002 -22"><span class='ocrx_word' id='word_1_6' title='bbox 120 475 275 548; x_wconf 88' lang='lat' dir='ltr'>tempore</span> <span class='ocrx_word' id='word_1_7' title='bbox 297 468 387 548; x_wconf 88' lang='lat' dir='ltr'>quod</span> <span class='ocrx_word' id='word_1_8' title='bbox 411 487 476 529; x_wconf 92' lang='lat' dir='ltr'>non</span> <span class='ocrx_word' id='word_1_9' title='bbox 501 468 533 528; x_wconf 92' lang='lat' dir='ltr'>in</span> <span class='ocrx_word' id='word_1_10' title='bbox 557 467 635 541; x_wconf 87' lang='lat' dir='ltr'>alio;</span> <span class='ocrx_word' id='word_1_11' title='bbox 660 488 741 550; x_wconf 88' lang='lat' dir='ltr'>ergo</span> <span class='ocrx_word' id='word_1_12' title='bbox 764 477 813 530; x_wconf 90' lang='lat' dir='ltr'>est</span> <span class='ocrx_word' id='word_1_13' title='bbox 836 466 946 530; x_wconf 86' lang='lat' dir='ltr'>finitus</span> <span class='ocrx_word' id='word_1_14' title='bbox 981 488 1102 530; x_wconf 83' lang='lat' dir='ltr'>secun-</span> 
     </span>
     <span class='ocr_line' id='line_1_3' title="bbox 122 573 1094 656; baseline 0.003 -22"><span class='ocrx_word' id='word_1_15' title='bbox 122 573 208 634; x_wconf 88' lang='lat' dir='ltr'>dum</span> <span class='ocrx_word' id='word_1_16' title='bbox 232 582 372 655; x_wconf 71' lang='lat' dir='ltr'>tempus</span> <span class='ocrx_word' id='word_1_17' title='bbox 397 575 474 656; x_wconf 90' lang='lat' dir='ltr'>quia</span> <span class='ocrx_word' id='word_1_18' title='bbox 497 575 587 656; x_wconf 88' lang='lat' dir='ltr'>quod</span> <span class='ocrx_word' id='word_1_19' title='bbox 610 574 876 656; x_wconf 88' lang='lat' dir='ltr'>praesupponitur</span> <span class='ocrx_word' id='word_1_20' title='bbox 901 573 932 634; x_wconf 92' lang='lat' dir='ltr'>in</span> <span class='ocrx_word' id='word_1_21' title='bbox 964 584 1094 637; x_wconf 88' lang='lat' dir='ltr'>antece·</span> 
     </span>
     <span class='ocr_line' id='line_1_4' title="bbox 123 679 1091 762; baseline 0.001 -20"><span class='ocrx_word' id='word_1_22' title='bbox 123 680 227 742; x_wconf 92' lang='lat' dir='ltr'>dente</span> <span class='ocrx_word' id='word_1_23' title='bbox 250 689 298 742; x_wconf 88' lang='lat' dir='ltr'>est</span> <span class='ocrx_word' id='word_1_24' title='bbox 322 679 483 742; x_wconf 89' lang='lat' dir='ltr'>infinitum</span> <span class='ocrx_word' id='word_1_25' title='bbox 507 702 550 742; x_wconf 89' lang='lat' dir='ltr'>ex</span> <span class='ocrx_word' id='word_1_26' title='bbox 574 690 666 762; x_wconf 88' lang='lat' dir='ltr'>parte</span> <span class='ocrx_word' id='word_1_27' title='bbox 689 681 855 761; x_wconf 86' lang='lat' dir='ltr'>temporis,</span> <span class='ocrx_word' id='word_1_28' title='bbox 880 690 912 743; x_wconf 89' lang='lat' dir='ltr'>et</span> <span class='ocrx_word' id='word_1_29' title='bbox 935 682 980 742; x_wconf 84' lang='lat' dir='ltr'>ita</span> <span class='ocrx_word' id='word_1_30' title='bbox 1018 681 1091 743; x_wconf 84' lang='lat' dir='ltr'>dico</span> 
     </span>
     <span class='ocr_line' id='line_1_5' title="bbox 126 786 1095 870; baseline 0.001 -22"><span class='ocrx_word' id='word_1_31' title='bbox 126 786 220 868; x_wconf 92' lang='lat' dir='ltr'>quod</span> <span class='ocrx_word' id='word_1_32' title='bbox 244 808 287 848; x_wconf 90' lang='lat' dir='ltr'>ex</span> <span class='ocrx_word' id='word_1_33' title='bbox 311 796 403 869; x_wconf 86' lang='lat' dir='ltr'>parte</span> <span class='ocrx_word' id='word_1_34' title='bbox 428 789 500 860; x_wconf 84' lang='lat' dir='ltr'>Dei,</span> <span class='ocrx_word' id='word_1_35' title='bbox 524 787 600 870; x_wconf 86' lang='lat' dir='ltr'>quia</span> <span class='ocrx_word' id='word_1_36' title='bbox 623 789 714 869; x_wconf 91' lang='lat' dir='ltr'>quod</span> <span class='ocrx_word' id='word_1_37' title='bbox 738 788 932 869; x_wconf 89' lang='lat' dir='ltr'><strong>supponitur</strong></span> <span class='ocrx_word' id='word_1_38' title='bbox 950 788 981 849; x_wconf 92' lang='lat' dir='ltr'>in</span> <span class='ocrx_word' id='word_1_39' title='bbox 1005 797 1095 854; x_wconf 88' lang='lat' dir='ltr'>ante-</span> 
     </span>
     <span class='ocr_line' id='line_1_6' title="bbox 123 893 1088 976; baseline 0.002 -22"><span class='ocrx_word' id='word_1_40' title='bbox 123 893 263 955; x_wconf 85' lang='lat' dir='ltr'>cedente</span> <span class='ocrx_word' id='word_1_41' title='bbox 286 904 334 955; x_wconf 90' lang='lat' dir='ltr'>est</span> <span class='ocrx_word' id='word_1_42' title='bbox 357 893 531 960; x_wconf 86' lang='lat' dir='ltr'>infinitum.</span> <span class='ocrx_word' id='word_1_43' title='bbox 556 930 600 942; x_wconf 91' lang='lat'>-</span> <span class='ocrx_word' id='word_1_44' title='bbox 624 894 731 957; x_wconf 80' lang='lat' dir='ltr'>Aliter</span> <span class='ocrx_word' id='word_1_45' title='bbox 748 905 855 976; x_wconf 87' lang='lat' dir='ltr'>potest</span> <span class='ocrx_word' id='word_1_46' title='bbox 870 895 932 956; x_wconf 90' lang='lat' dir='ltr'>dici</span> <span class='ocrx_word' id='word_1_47' title='bbox 949 895 1039 976; x_wconf 90' lang='lat' dir='ltr'>quod</span> <span class='ocrx_word' id='word_1_48' title='bbox 1057 895 1088 956; x_wconf 89' lang='lat' dir='ltr'>li-</span> 
     </span>
     <span class='ocr_line' id='line_1_7' title="bbox 122 1000 1093 1074; baseline 0 -12"><span class='ocrx_word' id='word_1_49' title='bbox 122 1009 177 1062; x_wconf 87' lang='lat' dir='ltr'>cet</span> <span class='ocrx_word' id='word_1_50' title='bbox 202 1002 293 1062; x_wconf 89' lang='lat' dir='ltr'>Deus</span> <span class='ocrx_word' id='word_1_51' title='bbox 317 1021 382 1063; x_wconf 93' lang='lat' dir='ltr'>non</span> <span class='ocrx_word' id='word_1_52' title='bbox 406 1001 532 1064; x_wconf 88' lang='lat' dir='ltr'>sithoc</span> <span class='ocrx_word' id='word_1_53' title='bbox 555 1002 605 1063; x_wconf 89' lang='lat' dir='ltr'>vel</span> <span class='ocrx_word' id='word_1_54' title='bbox 630 1001 709 1064; x_wconf 91' lang='lat' dir='ltr'>illud</span> <span class='ocrx_word' id='word_1_55' title='bbox 738 1000 925 1074; x_wconf 85' lang='lat' dir='ltr'>formaliter,</span> <span class='ocrx_word' id='word_1_56' title='bbox 947 1001 1093 1063; x_wconf 89' lang='lat' dir='ltr'>continet</span> 
     </span>
     <span class='ocr_line' id='line_1_8' title="bbox 123 1108 1093 1188; baseline 0 -20"><span class='ocrx_word' id='word_1_57' title='bbox 123 1117 238 1168; x_wconf 87' lang='lat' dir='ltr'>tamen</span> <span class='ocrx_word' id='word_1_58' title='bbox 262 1129 300 1168; x_wconf 86' lang='lat' dir='ltr'>ea</span> <span class='ocrx_word' id='word_1_59' title='bbox 323 1108 508 1182; x_wconf 83' lang='lat' dir='ltr'>virtualiter,</span> <span class='ocrx_word' id='word_1_60' title='bbox 532 1117 565 1170; x_wconf 93' lang='lat' dir='ltr'>et</span> <span class='ocrx_word' id='word_1_61' title='bbox 588 1129 656 1170; x_wconf 90' lang='lat' dir='ltr'>esse</span> <span class='ocrx_word' id='word_1_62' title='bbox 681 1108 857 1170; x_wconf 83' lang='lat' dir='ltr'>virtualiter</span> <span class='ocrx_word' id='word_1_63' title='bbox 873 1109 937 1170; x_wconf 89' lang='lat' dir='ltr'>tale</span> <span class='ocrx_word' id='word_1_64' title='bbox 960 1117 1008 1169; x_wconf 90' lang='lat' dir='ltr'>est</span> <span class='ocrx_word' id='word_1_65' title='bbox 1025 1128 1093 1188; x_wconf 90' lang='lat' dir='ltr'>per-</span> 
     </span>
     <span class='ocr_line' id='line_1_9' title="bbox 125 1212 759 1294; baseline 0.003 -20"><span class='ocrx_word' id='word_1_66' title='bbox 125 1212 245 1275; x_wconf 83' lang='lat' dir='ltr'>fectius</span> <span class='ocrx_word' id='word_1_67' title='bbox 268 1236 368 1294; x_wconf 90' lang='lat' dir='ltr'>quam</span> <span class='ocrx_word' id='word_1_68' title='bbox 392 1236 461 1277; x_wconf 88' lang='lat' dir='ltr'>esse</span> <span class='ocrx_word' id='word_1_69' title='bbox 484 1214 661 1277; x_wconf 80' lang='lat' dir='ltr'>formaliter</span> <span class='ocrx_word' id='word_1_70' title='bbox 686 1215 759 1276; x_wconf 89' lang='lat' dir='ltr'>tale.</span> 
     </span>
    </p>

    <p class='ocr_par' dir='ltr' id='par_1_3' title="bbox 125 1321 1103 1830">
     <span class='ocr_line' id='line_1_10' title="bbox 199 1321 1103 1403; baseline 0.001 -22"><span class='ocrx_word' id='word_1_71' title='bbox 199 1321 258 1382; x_wconf 77' lang='lat' dir='ltr'>Ad</span> <span class='ocrx_word' id='word_1_72' title='bbox 278 1321 443 1393; x_wconf 84' lang='lat' dir='ltr'>ultimum,</span> <span class='ocrx_word' id='word_1_73' title='bbox 471 1322 604 1402; x_wconf 90' lang='lat' dir='ltr'>quando</span> <span class='ocrx_word' id='word_1_74' title='bbox 627 1322 745 1383; x_wconf 88' lang='lat' dir='ltr'>dicitur</span> <span class='ocrx_word' id='word_1_75' title='bbox 768 1322 858 1403; x_wconf 90' lang='lat' dir='ltr'>quod</span> <span class='ocrx_word' id='word_1_76' title='bbox 883 1322 971 1383; x_wconf 93' lang='lat' dir='ltr'>nulla</span> <span class='ocrx_word' id='word_1_77' title='bbox 993 1321 1103 1382; x_wconf 86' lang='lat' dir='ltr'>virtus.</span> 
     </span>
     <span class='ocr_line' id='line_1_11' title="bbox 125 1427 1092 1510; baseline 0.002 -23"><span class='ocrx_word' id='word_1_78' title='bbox 125 1437 240 1488; x_wconf 88' lang='lat' dir='ltr'>movet</span> <span class='ocrx_word' id='word_1_79' title='bbox 263 1428 294 1488; x_wconf 93' lang='lat' dir='ltr'>in</span> <span class='ocrx_word' id='word_1_80' title='bbox 320 1449 385 1489; x_wconf 94' lang='lat' dir='ltr'>non</span> <span class='ocrx_word' id='word_1_81' title='bbox 409 1436 566 1510; x_wconf 87' lang='lat' dir='ltr'>tempore,</span> <span class='ocrx_word' id='word_1_82' title='bbox 590 1428 664 1490; x_wconf 92' lang='lat' dir='ltr'>dico</span> <span class='ocrx_word' id='word_1_83' title='bbox 688 1429 776 1510; x_wconf 90' lang='lat' dir='ltr'>quod</span> <span class='ocrx_word' id='word_1_84' title='bbox 802 1427 1018 1509; x_wconf 86' lang='lat' dir='ltr'>Philosophus</span> <span class='ocrx_word' id='word_1_85' title='bbox 1055 1428 1092 1489; x_wconf 81' lang='lat' dir='ltr'>il-</span> 
     </span>
     <span class='ocr_line' id='line_1_12' title="bbox 126 1533 1092 1616; baseline 0.001 -22"><span class='ocrx_word' id='word_1_86' title='bbox 126 1533 186 1594; x_wconf 90' lang='lat' dir='ltr'>lud</span> <span class='ocrx_word' id='word_1_87' title='bbox 209 1533 358 1616; x_wconf 86' lang='lat' dir='ltr'>intelligit</span> <span class='ocrx_word' id='word_1_88' title='bbox 380 1535 421 1596; x_wconf 91' lang='lat' dir='ltr'>de</span> <span class='ocrx_word' id='word_1_89' title='bbox 444 1535 562 1596; x_wconf 90' lang='lat' dir='ltr'>virtute</span> <span class='ocrx_word' id='word_1_90' title='bbox 578 1544 714 1596; x_wconf 87' lang='lat' dir='ltr'>extensa</span> <span class='ocrx_word' id='word_1_91' title='bbox 729 1535 770 1596; x_wconf 87' lang='lat' dir='ltr'>ad</span> <span class='ocrx_word' id='word_1_92' title='bbox 784 1535 1008 1597; x_wconf 86' lang='lat' dir='ltr'>extensionem</span> <span class='ocrx_word' id='word_1_93' title='bbox 1026 1554 1092 1595; x_wconf 88' lang='lat' dir='ltr'>ma·</span> 
     </span>
     <span class='ocr_line' id='line_1_13' title="bbox 127 1639 1100 1724; baseline 0.003 -24"><span class='ocrx_word' id='word_1_94' title='bbox 127 1639 318 1721; x_wconf 86' lang='lat' dir='ltr'>gnitudinis,</span> <span class='ocrx_word' id='word_1_95' title='bbox 343 1650 375 1702; x_wconf 87' lang='lat' dir='ltr'>et</span> <span class='ocrx_word' id='word_1_96' title='bbox 398 1641 460 1702; x_wconf 92' lang='lat' dir='ltr'>isto</span> <span class='ocrx_word' id='word_1_97' title='bbox 485 1641 584 1702; x_wconf 90' lang='lat' dir='ltr'>modo</span> <span class='ocrx_word' id='word_1_98' title='bbox 609 1661 674 1702; x_wconf 92' lang='lat' dir='ltr'>non</span> <span class='ocrx_word' id='word_1_99' title='bbox 700 1642 830 1722; x_wconf 90' lang='lat' dir='ltr'>ponitur</span> <span class='ocrx_word' id='word_1_100' title='bbox 854 1642 999 1724; x_wconf 91' lang='lat' dir='ltr'>potentia</span> <span class='ocrx_word' id='word_1_101' title='bbox 1033 1641 1100 1704; x_wconf 86' lang='lat' dir='ltr'>Dei</span> 
     </span>
     <span class='ocr_line' id='line_1_14' title="bbox 127 1747 866 1830; baseline 0.003 -23"><span class='ocrx_word' id='word_1_102' title='bbox 127 1757 275 1821; x_wconf 89' lang='lat' dir='ltr'>extensa,</span> <span class='ocrx_word' id='word_1_103' title='bbox 301 1759 337 1809; x_wconf 89' lang='lat' dir='ltr'>ut</span> <span class='ocrx_word' id='word_1_104' title='bbox 360 1756 449 1828; x_wconf 90' lang='lat' dir='ltr'>patet</span> <span class='ocrx_word' id='word_1_105' title='bbox 472 1748 515 1810; x_wconf 91' lang='lat' dir='ltr'>ibi</span> <span class='ocrx_word' id='word_1_106' title='bbox 540 1768 596 1829; x_wconf 89' lang='lat' dir='ltr'>per</span> <span class='ocrx_word' id='word_1_107' title='bbox 620 1747 866 1830; x_wconf 87' lang='lat' dir='ltr'>Philosophum.</span> 
     </span>
    </p>
   </div>
   <div class='ocr_carea' id='block_1_3' title="bbox 498 1942 739 2024">
    <p class='ocr_par' dir='ltr' id='par_1_4' title="bbox 498 1942 739 2024">
     <span class='ocr_line' id='line_1_15' title="bbox 498 1942 739 2024; baseline -0.008 -18"><span class='ocrx_word' id='word_1_108' title='bbox 498 1942 675 2024; x_wconf 77' lang='lat' dir='ltr'>Qunsno</span> <span class='ocrx_word' id='word_1_109' title='bbox 700 1945 739 2005; x_wconf 86' lang='grc' dir='ltr'>ΙΙ.</span> 
     </span>
    </p>
   </div>
   <div class='ocr_carea' id='block_1_4' title="bbox 442 2104 790 2184">
    <p class='ocr_par' dir='ltr' id='par_1_5' title="bbox 442 2104 790 2184">
     <span class='ocr_line' id='line_1_16' title="bbox 442 2104 790 2184; baseline -0.003 -17"><span class='ocrx_word' id='word_1_110' title='bbox 442 2104 586 2167; x_wconf 81' lang='lat' dir='ltr'>Secundo</span> <span class='ocrx_word' id='word_1_111' title='bbox 609 2105 790 2184; x_wconf 75' lang='lat' dir='ltr'>qureritrtr:</span> 
     </span>
    </p>
   </div>
   <div class='ocr_carea' id='block_1_5' title="bbox 129 2261 1106 2408">
    <p class='ocr_par' dir='ltr' id='par_1_6' title="bbox 129 2261 1106 2408">
     <span class='ocr_line' id='line_1_17' title="bbox 183 2261 1106 2330; baseline -0.003 -11"><span class='ocrx_word' id='word_1_112' title='bbox 183 2264 292 2319; x_wconf 83' lang='lat' dir='ltr'>Utrum</span> <span class='ocrx_word' id='word_1_113' title='bbox 309 2263 403 2318; x_wconf 78' lang='lat' dir='ltr'>Deum</span> <span class='ocrx_word' id='word_1_114' title='bbox 420 2277 480 2317; x_wconf 72' lang='lat' dir='ltr'>osse</span> <span class='ocrx_word' id='word_1_115' title='bbox 497 2262 719 2330; x_wconf 82' lang='lat' dir='ltr'>omnlpotentem</span> <span class='ocrx_word' id='word_1_116' title='bbox 738 2262 825 2330; x_wconf 88' lang='lat' dir='ltr'>posslt</span> <span class='ocrx_word' id='word_1_117' title='bbox 843 2261 958 2330; x_wconf 77' lang='lat' dir='ltr'>proharl</span> <span class='ocrx_word' id='word_1_118' title='bbox 986 2261 1106 2317; x_wconf 76' lang='lat' dir='ltr'>rutlono</span> 
     </span>
     <span class='ocr_line' id='line_1_18' title="bbox 129 2353 273 2408; baseline -0.028 0"><span class='ocrx_word' id='word_1_119' title='bbox 129 2353 273 2408; x_wconf 75' lang='lat' dir='ltr'>naturali.</span> 
     </span>
    </p>
   </div>
   <div class='ocr_carea' id='block_1_6' title="bbox 131 2495 1108 3860">
    <p class='ocr_par' dir='ltr' id='par_1_7' title="bbox 131 2495 1095 2900">
     <span class='ocr_line' id='line_1_19' title="bbox 200 2495 1095 2578; baseline -0.001 -19"><span class='ocrx_word' id='word_1_120' title='bbox 200 2497 339 2559; x_wconf 90' lang='lat' dir='ltr'>Videtur</span> <span class='ocrx_word' id='word_1_121' title='bbox 362 2497 451 2578; x_wconf 91' lang='lat' dir='ltr'>quod</span> <span class='ocrx_word' id='word_1_122' title='bbox 475 2497 529 2558; x_wconf 86' lang='lat' dir='ltr'>sie.</span> <span class='ocrx_word' id='word_1_123' title='bbox 559 2513 584 2557; x_wconf 90' lang='lat'>1.</span> <span class='ocrx_word' id='word_1_124' title='bbox 610 2495 762 2559; x_wconf 87' lang='lat' dir='ltr'>Richard.</span> <span class='ocrx_word' id='word_1_125' title='bbox 789 2514 818 2559; x_wconf 86' lang='lat'>1.</span> <span class='ocrx_word' id='word_1_126' title='bbox 843 2497 881 2559; x_wconf 84' lang='lat' dir='ltr'>de</span> <span class='ocrx_word' id='word_1_127' title='bbox 905 2496 1018 2558; x_wconf 63' lang='lat' dir='ltr'>Trita:</span> <span class='ocrx_word' id='word_1_128' title='bbox 1036 2497 1095 2558; x_wconf 87' lang='lat' dir='ltr'>Ad</span> 
     </span>
     <span class='ocr_line' id='line_1_20' title="bbox 131 2601 1092 2686; baseline -0.002 -20"><span class='ocrx_word' id='word_1_129' title='bbox 131 2605 243 2667; x_wconf 91' lang='lat' dir='ltr'>omnia</span> <span class='ocrx_word' id='word_1_130' title='bbox 267 2625 342 2686; x_wconf 82' lang='lat' dir='ltr'>quae</span> <span class='ocrx_word' id='word_1_131' title='bbox 366 2602 430 2665; x_wconf 85' lang='lat' dir='ltr'>fide</span> <span class='ocrx_word' id='word_1_132' title='bbox 453 2612 602 2665; x_wconf 89' lang='lat' dir='ltr'>tenemus</span> <span class='ocrx_word' id='word_1_133' title='bbox 626 2624 691 2665; x_wconf 91' lang='lat' dir='ltr'>non</span> <span class='ocrx_word' id='word_1_134' title='bbox 716 2601 824 2665; x_wconf 86' lang='lat' dir='ltr'>deficit</span> <span class='ocrx_word' id='word_1_135' title='bbox 848 2603 928 2665; x_wconf 92' lang='lat' dir='ltr'>ratio</span> <span class='ocrx_word' id='word_1_136' title='bbox 945 2623 1092 2664; x_wconf 86' lang='lat' dir='ltr'>necessa-</span> 
     </span>
     <span class='ocr_line' id='line_1_21' title="bbox 131 2707 1093 2791; baseline -0.004 -18"><span class='ocrx_word' id='word_1_137' title='bbox 131 2711 192 2785; x_wconf 88' lang='lat' dir='ltr'>ria;</span> <span class='ocrx_word' id='word_1_138' title='bbox 217 2711 272 2772; x_wconf 84' lang='lat' dir='ltr'>sed</span> <span class='ocrx_word' id='word_1_139' title='bbox 299 2713 407 2772; x_wconf 90' lang='lat' dir='ltr'>Deum</span> <span class='ocrx_word' id='word_1_140' title='bbox 424 2730 492 2772; x_wconf 86' lang='lat' dir='ltr'>esse</span> <span class='ocrx_word' id='word_1_141' title='bbox 508 2710 767 2791; x_wconf 88' lang='lat' dir='ltr'>omnipotentem</span> <span class='ocrx_word' id='word_1_142' title='bbox 785 2718 933 2772; x_wconf 86' lang='lat' dir='ltr'>tenemus</span> <span class='ocrx_word' id='word_1_143' title='bbox 951 2707 1027 2784; x_wconf 86' lang='lat' dir='ltr'>fide;</span> <span class='ocrx_word' id='word_1_144' title='bbox 1045 2730 1093 2770; x_wconf 88' lang='lat' dir='ltr'>er-</span> 
     </span>
     <span class='ocr_line' id='line_1_22' title="bbox 134 2815 910 2900; baseline -0.004 -21"><span class='ocrx_word' id='word_1_145' title='bbox 134 2838 180 2900; x_wconf 86' lang='lat' dir='ltr'>go</span> <span class='ocrx_word' id='word_1_146' title='bbox 203 2817 287 2879; x_wconf 84' lang='lat' dir='ltr'>circa</span> <span class='ocrx_word' id='word_1_147' title='bbox 311 2816 373 2878; x_wconf 91' lang='lat' dir='ltr'>hoc</span> <span class='ocrx_word' id='word_1_148' title='bbox 398 2837 462 2879; x_wconf 94' lang='lat' dir='ltr'>non</span> <span class='ocrx_word' id='word_1_149' title='bbox 486 2815 595 2878; x_wconf 88' lang='lat' dir='ltr'>deficit</span> <span class='ocrx_word' id='word_1_150' title='bbox 619 2817 699 2878; x_wconf 89' lang='lat' dir='ltr'>ratio</span> <span class='ocrx_word' id='word_1_151' title='bbox 724 2817 910 2878; x_wconf 83' lang='lat' dir='ltr'>necessaria.</span> 
     </span>
    </p>

    <p class='ocr_par' dir='ltr' id='par_1_8' title="bbox 133 2922 1108 3437">
     <span class='ocr_line' id='line_1_23' title="bbox 204 2922 1096 3004; baseline -0.002 -18"><span class='ocrx_word' id='word_1_152' title='bbox 204 2941 233 2987; x_wconf 89' lang='lat'>2.</span> <span class='ocrx_word' id='word_1_153' title='bbox 258 2925 427 2997; x_wconf 85' lang='lat' dir='ltr'>Praeterea‚</span> <span class='ocrx_word' id='word_1_154' title='bbox 452 2922 575 2985; x_wconf 86' lang='lat' dir='ltr'>infinita</span> <span class='ocrx_word' id='word_1_155' title='bbox 599 2924 744 3004; x_wconf 88' lang='lat' dir='ltr'>potentia</span> <span class='ocrx_word' id='word_1_156' title='bbox 767 2933 815 2985; x_wconf 90' lang='lat' dir='ltr'>est</span> <span class='ocrx_word' id='word_1_157' title='bbox 839 2922 1096 3004; x_wconf 89' lang='lat' dir='ltr'>omnipotentia;</span> 
     </span>
     <span class='ocr_line' id='line_1_24' title="bbox 133 3029 1108 3112; baseline -0.003 -19"><span class='ocrx_word' id='word_1_158' title='bbox 133 3031 192 3093; x_wconf 87' lang='lat' dir='ltr'>sed</span> <span class='ocrx_word' id='word_1_159' title='bbox 216 3030 340 3092; x_wconf 88' lang='lat' dir='ltr'>infinita</span> <span class='ocrx_word' id='word_1_160' title='bbox 363 3031 508 3111; x_wconf 86' lang='lat' dir='ltr'>potentia</span> <span class='ocrx_word' id='word_1_161' title='bbox 531 3039 638 3112; x_wconf 87' lang='lat' dir='ltr'>potest</span> <span class='ocrx_word' id='word_1_162' title='bbox 661 3030 790 3110; x_wconf 89' lang='lat' dir='ltr'>probari</span> <span class='ocrx_word' id='word_1_163' title='bbox 814 3030 855 3091; x_wconf 90' lang='lat' dir='ltr'>de</span> <span class='ocrx_word' id='word_1_164' title='bbox 879 3029 951 3091; x_wconf 91' lang='lat' dir='ltr'>Deo</span> <span class='ocrx_word' id='word_1_165' title='bbox 976 3029 1108 3091; x_wconf 91' lang='lat' dir='ltr'>ratione-</span> 
     </span>
     <span class='ocr_line' id='line_1_25' title="bbox 135 3135 1107 3219; baseline -0.003 -20"><span class='ocrx_word' id='word_1_166' title='bbox 135 3137 273 3199; x_wconf 88' lang='lat' dir='ltr'>naturali</span> <span class='ocrx_word' id='word_1_167' title='bbox 297 3137 379 3198; x_wconf 88' lang='lat' dir='ltr'>sicut</span> <span class='ocrx_word' id='word_1_168' title='bbox 407 3137 523 3219; x_wconf 89' lang='lat' dir='ltr'>probat</span> <span class='ocrx_word' id='word_1_169' title='bbox 558 3136 775 3218; x_wconf 85' lang='lat' dir='ltr'>Philosophus</span> <span class='ocrx_word' id='word_1_170' title='bbox 808 3135 841 3199; x_wconf 75' lang='lat'>8.</span> <span class='ocrx_word' id='word_1_171' title='bbox 869 3135 989 3216; x_wconf 84' lang='lat' dir='ltr'>Plzys.;</span> <span class='ocrx_word' id='word_1_172' title='bbox 1018 3156 1107 3217; x_wconf 86' lang='lat' dir='ltr'>ergo-</span> 
     </span>
     <span class='ocr_line' id='line_1_26' title="bbox 135 3242 1096 3326; baseline -0.004 -20"><span class='ocrx_word' id='word_1_173' title='bbox 135 3244 373 3326; x_wconf 85' lang='lat' dir='ltr'>omnipotentia</span> <span class='ocrx_word' id='word_1_174' title='bbox 401 3244 463 3306; x_wconf 92' lang='lat' dir='ltr'>Dei</span> <span class='ocrx_word' id='word_1_175' title='bbox 498 3253 606 3326; x_wconf 90' lang='lat' dir='ltr'>potest</span> <span class='ocrx_word' id='word_1_176' title='bbox 640 3244 770 3325; x_wconf 87' lang='lat' dir='ltr'>probari</span> <span class='ocrx_word' id='word_1_177' title='bbox 806 3244 928 3306; x_wconf 87' lang='lat' dir='ltr'>ratione</span> <span class='ocrx_word' id='word_1_178' title='bbox 960 3242 1096 3304; x_wconf 87' lang='lat' dir='ltr'>naturali</span> 
     </span>
     <span class='ocr_line' id='line_1_27' title="bbox 137 3351 285 3437; baseline -0.007 -24"><span class='ocrx_word' id='word_1_179' title='bbox 137 3351 186 3437; x_wconf 84' lang='lat' dir='ltr'>de·</span> <span class='ocrx_word' id='word_1_180' title='bbox 204 3351 285 3412; x_wconf 91' lang='lat' dir='ltr'>De0.</span> 
     </span>
    </p>

    <p class='ocr_par' dir='ltr' id='par_1_9' title="bbox 135 3455 1108 3860">
     <span class='ocr_line' id='line_1_28' title="bbox 209 3455 1108 3538; baseline -0.003 -19"><span class='ocrx_word' id='word_1_181' title='bbox 209 3455 337 3520; x_wconf 82' lang='lat' dir='ltr'>Contra.</span> <span class='ocrx_word' id='word_1_182' title='bbox 363 3457 550 3538; x_wconf 89' lang='lat' dir='ltr'>Philosophi</span> <span class='ocrx_word' id='word_1_183' title='bbox 574 3466 743 3538; x_wconf 88' lang='lat' dir='ltr'>sequentes</span> <span class='ocrx_word' id='word_1_184' title='bbox 771 3457 929 3519; x_wconf 90' lang='lat' dir='ltr'>rationem</span> <span class='ocrx_word' id='word_1_185' title='bbox 969 3464 1108 3518; x_wconf 88' lang='lat' dir='ltr'>natura--</span> 
     </span>
     <span class='ocr_line' id='line_1_29' title="bbox 138 3563 1103 3645; baseline -0.002 -20"><span class='ocrx_word' id='word_1_186' title='bbox 138 3564 201 3626; x_wconf 89' lang='lat' dir='ltr'>lem</span> <span class='ocrx_word' id='word_1_187' title='bbox 227 3586 292 3627; x_wconf 91' lang='lat' dir='ltr'>non</span> <span class='ocrx_word' id='word_1_188' title='bbox 317 3573 444 3644; x_wconf 91' lang='lat' dir='ltr'>ponunt</span> <span class='ocrx_word' id='word_1_189' title='bbox 462 3565 570 3626; x_wconf 90' lang='lat' dir='ltr'>Deum</span> <span class='ocrx_word' id='word_1_190' title='bbox 583 3564 842 3645; x_wconf 90' lang='lat' dir='ltr'>omnipotentem</span> <span class='ocrx_word' id='word_1_191' title='bbox 855 3583 894 3625; x_wconf 90' lang='lat' dir='ltr'>eo</span> <span class='ocrx_word' id='word_1_192' title='bbox 908 3563 1008 3624; x_wconf 93' lang='lat' dir='ltr'>modo</span> <span class='ocrx_word' id='word_1_193' title='bbox 1031 3582 1103 3643; x_wconf 86' lang='lat' dir='ltr'>quo</span> 
     </span>
     <span class='ocr_line' id='line_1_30' title="bbox 137 3669 1106 3753; baseline -0.002 -21"><span class='ocrx_word' id='word_1_194' title='bbox 137 3680 266 3753; x_wconf 90' lang='lat' dir='ltr'>ponunt</span> <span class='ocrx_word' id='word_1_195' title='bbox 289 3670 459 3753; x_wconf 85' lang='lat' dir='ltr'>Theologi,</span> <span class='ocrx_word' id='word_1_196' title='bbox 484 3680 520 3732; x_wconf 96' lang='lat' dir='ltr'>ut</span> <span class='ocrx_word' id='word_1_197' title='bbox 549 3671 667 3732; x_wconf 91' lang='lat' dir='ltr'>scilicet</span> <span class='ocrx_word' id='word_1_198' title='bbox 706 3671 807 3753; x_wconf 91' lang='lat' dir='ltr'>possit</span> <span class='ocrx_word' id='word_1_199' title='bbox 842 3669 1029 3732; x_wconf 89' lang='lat' dir='ltr'>immediate</span> <span class='ocrx_word' id='word_1_200' title='bbox 1067 3669 1106 3730; x_wconf 89' lang='lat' dir='ltr'>in</span> 
     </span>
     <span class='ocr_line' id='line_1_31' title="bbox 135 3777 419 3860; baseline 0 -20"><span class='ocrx_word' id='word_1_201' title='bbox 135 3798 237 3840; x_wconf 87' lang='lat' dir='ltr'>omne</span> <span class='ocrx_word' id='word_1_202' title='bbox 260 3777 419 3860; x_wconf 88' lang='lat' dir='ltr'>possibile.</span> 
     </span>
    </p>
   </div>
   <div class='ocr_carea' id='block_1_7' title="bbox 0 0 1368 4209">
    <p class='ocr_par' dir='ltr' id='par_1_10' title="bbox 0 0 1368 4209">
     <span class='ocr_line' id='line_1_32' title="bbox 0 0 1368 4209; baseline 0 0"><span class='ocrx_word' id='word_1_203' title='bbox 0 0 1368 4209; x_wconf 95' lang='lat' dir='ltr'> </span> 
     </span>
    </p>
   </div>
  </div>
 </body>
</html>
