2684 4209
263 252 327 329 360
526 250 600 313 Lm.
624 252 639 313 1
663 250 957 315 Ssurnmmnun

303 456 362 519 Ad
380 466 534 538 quartum
557 455 632 519 dico
650 456 741 538 quod
761 455 805 519 ibi
818 454 906 517 nulla
930 462 978 517 est
994 446 1107 527 vilitas,
1122 453 1193 535 quia

236 562 297 625 ista
319 560 432 625 infima
455 582 520 625 non
544 572 795 645 repraesetantur
818 560 851 624 in
874 560 1012 624 essentia
1034 560 1192 623 divinant

240 678 317 731 sunt
339 668 422 732 vilia.
865 728 867 733 ,

302 776 360 839 Ad
378 776 530 858 quintum
552 775 627 839 dico
648 774 740 858 quod
756 775 937 838 intellectus
949 772 1079 837 divinus
1100 772 1188 836 habet

238 882 405 963 objectum
427 881 701 964 simplicissimum
726 882 757 944 in
782 882 927 955 essendo,
951 890 985 944 et
1008 880 1071 943 hoc
1094 880 1192 961 objec-

233 998 305 1051 tum
329 988 472 1051 continet
495 986 620 1051 infinita
642 988 675 1051 in
699 988 974 1071 repraesentando⁸

301 1095 361 1158 Ad
379 1095 484 1167 aliud,
508 1115 585 1158 cum
609 1093 726 1158 dicitur
748 1095 838 1176 quod
864 1094 957 1156 Deus
973 1112 1040 1156 non
1049 1092 1187 1175 intelligit

234 1202 293 1265 nisi
315 1222 354 1265 ea
376 1222 452 1284 quae
475 1212 551 1268 sunt
573 1221 630 1283 per
652 1222 688 1265 se
703 1201 827 1264 intenta
842 1222 862 1263 a
874 1211 1000 1275 natura,
1019 1200 1090 1263 dico
1106 1198 1186 1281 quod

236 1307 299 1372 hoc
321 1318 371 1372 est
393 1307 525 1385 falsum;
557 1328 633 1370 nam
666 1308 758 1371 Deus
787 1307 937 1390 intelligit
959 1328 998 1371 ea
1027 1328 1101 1390 quae
1123 1325 1187 1369 eve·

234 1425 317 1479 nunt
339 1424 457 1499 praeter
480 1435 612 1477 cursum
635 1423 762 1477 naturae
785 1434 829 1476 ex
851 1434 911 1476 sua
939 1412 1139 1497 providentia
1159 1420 1188 1473 et

236 1521 455 1604 dispositione.

300 1624 366 1696 Ad
384 1624 488 1695 alias
510 1625 679 1695 rationes
701 1648 778 1709 quae
801 1637 981 1709 sequuntur
1003 1627 1079 1690 dico
1107 1624 1188 1709 quod

235 1736 314 1818 ipsae
337 1734 420 1797 bene
443 1734 642 1797 concludunt
666 1732 757 1816 quod
781 1734 872 1797 Deus
896 1754 961 1796 non
977 1733 1126 1816 intelligit
1135 1732 1190 1795 sin·

233 1840 358 1924 gularia
380 1840 442 1903 isto
466 1840 575 1915 modo,
593 1848 630 1901 ut
652 1839 827 1923 singularia
850 1850 945 1903 extra
962 1840 1073 1902 Deum
1091 1858 1190 1901 move

233 1957 290 2010 ant
313 1946 512 2010 intellectum
536 1946 694 2020 divinum,
720 1966 780 2009 nec
802 1966 865 2028 ego
888 1946 952 2009 hoc
968 1966 1067 2028 pono,
1081 1946 1136 2009 sed
1150 1944 1191 2007 di·
1304 1946 1305 2013 l

232 2074 272 2116 co
294 2054 385 2135 quod
409 2053 499 2116 Deus
522 2052 671 2135 intelligit
693 2052 877 2135 singularia,
902 2063 934 2115 et
950 2053 1011 2115 ista
1023 2072 1058 2115 se
1076 2052 1192 2115 habent
1233 2064 1238 2077 ·

234 2159 266 2222 in
291 2159 414 2223 ratione
437 2160 651 2233 terminativa,
681 2179 747 2222 non
770 2159 903 2241 quidem
927 2168 1099 2241 tamquam
1133 2156 1191 2240 pri-

233 2266 372 2329 marium
397 2266 573 2347 objectum,
597 2266 654 2329 sed
678 2275 849 2348 tamquam
872 2273 1066 2329 contentum
1083 2266 1116 2327 in
1135 2264 1194 2347 pri·

232 2373 334 2435 mario
357 2372 487 2454 objecto
511 2350 617 2455 primb
640 2372 844 2448 terminante,
880 2372 1001 2436 scilicet
1023 2372 1057 2435 in
1085 2371 1191 2435 divina

231 2478 377 2542 essentia.

297 2692 358 2755 Au
382 2706 525 2757 murum
548 2706 776 2765 mmmmm,
801 2712 877 2755 cum
894 2691 1011 2755 dicitur
1041 2694 1133 2775 quod
1149 2692 1193 2755 in·
1304 2700 1305 2775 s

229 2800 376 2862 tellectus
399 2799 520 2881 patitur
542 2799 585 2861 ab
608 2798 808 2881 intelligibili,
838 2799 913 2862 dico
950 2797 1041 2881 quod
1081 2818 1191 2862 verum

231 2915 278 2969 est
302 2905 334 2969 in
358 2906 519 2968 intellectu
543 2914 662 2971 creat0.
687 2906 749 2969 Vel
773 2906 864 2969 aliter
887 2915 921 2968 et
949 2905 1073 2979 melius,
1105 2904 1196 2988 quod

229 3013 308 3075 illud
331 3021 379 3075 est
401 3033 515 3075 verum
540 3012 673 3094 quando
696 3012 876 3076 intellectus
901 3021 1051 3076 movetur
1089 3013 1196 3096 primo
1304 3076 1305 3101 ᾖ

229 3119 272 3181 ab
295 3119 494 3201 intelligibili.
521 3119 655 3181 Dictum
671 3128 721 3181 est
737 3128 847 3183 autem
859 3119 950 3201 quod
966 3118 1044 3181 nihil
1061 3119 1108 3181 sic
1125 3138 1192 3182 mo·
1304 3142 1305 3153 ¹

229 3234 283 3288 vet
306 3225 505 3289 intellectum
529 3226 686 3288 divinum.

296 3333 355 3395 Ad
373 3334 549 3395 secundum
573 3333 646 3395 dico
669 3331 759 3414 quod
772 3332 953 3396 intellectus
972 3329 1107 3396 refertur
1130 3352 1194 3394 rea-
1304 3330 1305 3411 ξ

163 3454 166 3461 ’
232 3438 300 3500 liter
323 3440 365 3501 ad
388 3440 505 3514 scibile,
529 3440 663 3521 quando
685 3439 755 3520 ejus
778 3439 911 3501 scientia
933 3448 1084 3502 causatur
1107 3460 1126 3501 a
1149 3459 1189 3500 re.

232 3544 297 3608 Sed
319 3548 452 3629 quando
468 3547 600 3609 scientia
622 3556 671 3609 est
683 3567 780 3609 causa
797 3566 914 3620 rerum,
928 3557 1006 3609 tune
1018 3566 1084 3609 non
1098 3566 1187 3628 opor·

228 3662 286 3714 tet.
311 3652 451 3717 Scientia
473 3663 584 3716 autem
610 3652 670 3716 Dei
706 3663 753 3716 est
783 3673 881 3716 causa
916 3672 1034 3727 rerum,
1069 3662 1104 3715 et
1126 3672 1190 3715 non
1304 3658 1305 3701 ff
