2684 4209
272 836 275 841 Ι
305 728 494 807 Candido
525 730 677 829 pioque
710 730 868 806 lectori

207 920 308 993 Petri
331 921 378 995 de
403 918 539 1009 Aquila
563 922 760 992 sectatoris
790 922 1104 994 nobilissimarum

138 1053 370 1126 subtilissimi
393 1054 549 1147 Joannis
573 1052 676 1125 Scoti
699 1054 967 1131 doctrinarum,
992 1054 1106 1127 libros

34 1188 36 1261 Q
141 1182 211 1251 hos
235 1178 515 1251 Sententiarum
539 1188 702 1267 quatuor
724 1179 892 1268 quisquis
922 1180 1030 1252 enixe
1053 1202 1106 1252 re-

140 1304 275 1393 legeris
293 1315 417 1375 tenon
441 1303 478 1375 in
492 1302 609 1375 sacris
633 1305 745 1375 modo
757 1304 898 1395 litteris,
923 1325 1056 1380 verum
1073 1326 1106 1377 e-

143 1430 234 1501 tiam
245 1428 508 1517 philosophicis
525 1427 818 1499 institutionibus
827 1430 936 1521 juxta
951 1430 1105 1501 exactis-

33 1566 35 1645 }
143 1552 275 1624 simam
288 1552 686 1642 accuratissimamque
702 1554 871 1645 ejusdem
884 1553 987 1625 Scoti
1002 1554 1105 1627 viam

141 1700 215 1749 non
239 1678 386 1750 diffidas
410 1677 646 1750 breviuscula
670 1687 893 1765 tempestate
908 1680 1105 1751 vehemen-

140 1815 198 1875 ter
221 1802 487 1892 prolecturum.
512 1802 659 1891 Quippe
670 1802 736 1891 qui
759 1824 833 1873 non
847 1804 967 1874 solum
984 1802 1104 1876 Subti-

139 1928 183 1999 lis
190 1926 404 2016 Philosophi
415 1926 671 2016 Theologique
684 1927 897 2018 sententias,
912 1929 1103 2000 sedetiam

32 2040 33 2043 ¹
142 2050 270 2122 Sancti
293 2050 485 2139 Seraphici
509 2049 693 2122 Solemnis
716 2072 806 2123 suas
829 2052 1021 2141 opiniones
1044 2075 1103 2125 re·

34 2188 36 2196 '
141 2185 280 2263 censet,
290 2176 369 2267 jam
381 2197 448 2264 pro
469 2174 537 2246 illis
560 2174 834 2264 impugnandis.
856 2177 935 2268 jam
959 2199 1028 2266 pro
1045 2179 1103 2249 de-

140 2298 330 2371 fensandis
368 2299 543 2371 mirificos
577 2300 947 2389 argumentationum
982 2322 1102 2373 nexus

141 2424 329 2513 dignaque
359 2426 457 2495 lectu
491 2427 565 2496 tela
589 2424 824 2496 ministrabit.
857 2426 941 2497 Non
964 2425 1025 2496 hic
1049 2448 1103 2497 so·

140 2552 217 2621 lum
241 2550 410 2621 Thomas
422 2549 620 2633 invaditur,
645 2550 734 2638 quin
759 2550 883 2639 potius
906 2550 1102 2623 manifesta

140 2676 342 2747 traduntur
354 2675 479 2766 jacula
499 2674 634 2762 quibus
657 2675 815 2746 aemulos
831 2674 937 2747 istius
954 2676 1103 2747 noveris

141 2798 195 2869 uti
208 2776 327 2887 posse.
342 2798 472 2886 Itaque
487 2800 636 2887 qualem
660 2808 698 2869 te
721 2801 890 2887 praebere
925 2799 1017 2871 velis
1040 2822 1103 2871 cu-

32 2972 34 2989 .
137 2922 258 3015 jusvis
280 2922 438 3011 vestigia
462 2922 675 2994 decreveris
698 2923 872 3011 amplecti
895 2923 1102 3013 (inprimis

32 3118 34 3127 ,
141 3056 268 3118 tamen
300 3044 475 3126 Doctoris
505 3046 748 3136 subtilissimi)
779 3058 836 3118 est
870 3048 929 3119 hic
957 3047 1103 3119 eximia-

32 3263 33 3273 *
139 3192 226 3243 rum
236 3170 705 3259 praestantissimarumque
715 3172 971 3243 doctrinarum
984 3173 1101 3261 copia.

32 3372 33 3395 χ
140 3296 246 3384 Quas
262 3294 434 3385 equidem
459 3295 592 3367 Petrus
608 3296 665 3367 ille
689 3296 808 3368 instar
819 3296 967 3384 Aquilae
991 3297 1028 3368 in
1045 3320 1104 3367 ex-

32 3444 34 3503 l
141 3422 247 3492 celsis
270 3420 430 3491 volitans
442 3418 627 3492 brevitate
640 3442 715 3509 qua
739 3421 860 3509 potuit
876 3421 1030 3510 gavisus
1046 3432 1103 3492 est

140 3542 388 3637 conjunxisse,
401 3555 443 3616 ut
467 3565 535 3634 par
547 3556 645 3617 esset
668 3546 877 3618 Horatiano
894 3556 1101 3634 praecepto:
