2684 4209
219 266 258 329 16
460 266 535 327 Lm.
565 282 576 327 1
606 264 902 329 Ssnssnsmnou

258 472 317 534 Ad
329 472 478 553 primum
501 482 733 554 argumentum
756 470 928 551 opinionis,
962 470 1036 533 dico
1063 470 1160 551 quod

191 578 390 642 nobilissima
412 577 544 641 scientia
567 598 633 640 non
657 587 706 640 est
729 577 770 640 de
784 577 858 661 fine
882 585 918 639 ut
940 575 1013 639 finis
1035 586 1085 639 est
1107 598 1161 640 re-

189 696 323 767 spectus,
356 685 413 748 sed
444 694 481 747 ut
511 685 649 747 sumitur
681 705 741 765 pro
763 683 996 766 fundamento,
1027 693 1060 745 et
1091 683 1162 746 tale

192 792 443 855 fundamentum
467 802 516 854 est
541 792 631 854 Deus
652 791 715 853 sub
739 790 863 853 ratione
885 790 1027 853 deitatis.

261 900 309 962 Et
329 899 435 961 eodem
460 898 551 961 modo
579 898 652 961 dico
683 898 725 959 ad
757 897 948 972 secundum,
980 896 1070 979 quod
1101 918 1160 959 su—

194 1006 292 1068 mitur
315 1006 358 1068 ibi
381 1005 464 1069 ratio
479 1005 557 1067 boni
574 1025 634 1087 pro
641 1005 864 1087 fundamento
879 1004 1043 1077 bonitatis,
1065 1004 1161 1085 quod

193 1122 243 1175 est
266 1112 358 1175 Deus
381 1112 576 1193 inquantum
601 1112 700 1174 Deus.
947 1111 950 1118 ’

262 1216 352 1286 Alia
376 1216 506 1304 opimi)
535 1214 692 1306 AEgtdii
712 1218 766 1282 lib.
792 1236 821 1280 Ι.
850 1219 940 1299 quod
971 1217 1160 1298 subjectum

195 1326 226 1389 in
263 1324 444 1409 Theologia
467 1336 516 1388 est
544 1325 635 1388 Deus
665 1326 862 1407 inquantum
888 1324 1096 1408 glorificator
1123 1333 1162 1387 et

193 1433 350 1506 salvator,
374 1433 465 1514 quod
757 1510 762 1520 ’

261 1534 406 1606 Probat
429 1538 487 1601 sic:
513 1538 570 1600 Illa
593 1538 726 1600 scientia
749 1538 842 1619 cujus
870 1536 942 1599 finis
973 1537 1162 1620 principalis

195 1656 244 1709 est
266 1646 354 1709 salus
377 1655 410 1707 et
433 1644 544 1727 gloria,
569 1645 753 1707 considerat
776 1665 872 1707 suum
904 1644 1088 1725 subjectum
1121 1654 1162 1706 ut

198 1753 297 1815 habet
321 1751 544 1815 habitudinem
569 1752 611 1813 ad
627 1752 820 1814 salvandum
837 1760 870 1814 et
890 1750 1161 1833 glorificandum

195 1860 252 1922 sed
276 1859 460 1942 principalis
487 1858 559 1921 finis
590 1859 765 1941 theologia
795 1867 845 1921 est
875 1859 961 1920 salus
983 1866 1017 1920 et
1039 1857 1161 1940 gloria;
1194 1885 1197 1891 ·

197 1986 288 2049 ergo

284 2066 478 2139 Prceterea
502 2072 634 2135 scientia
649 2073 754 2156 finita
772 2072 953 2135 nonhabet
973 2070 1162 2151 subjectum

196 2179 380 2263 omninum
406 2180 462 2241 sed
485 2178 651 2262 theologia
675 2188 785 2241 nostra
807 2188 857 2240 est
886 2177 1019 2240 scientia
1049 2176 1156 2254 finita;

195 2306 275 2368 ergo
311 2306 375 2347 non
412 2285 510 2348 habet
544 2307 604 2367 pro
631 2285 779 2366 subjecto
815 2286 923 2347 Deum
962 2284 1159 2366 inquantum

202 2392 293 2455 Deus
315 2402 373 2465 est,
397 2392 474 2474 quia
498 2401 534 2453 ut
557 2392 611 2465 sic,
635 2402 685 2453 est
707 2390 862 2454 infinitus,

261 2493 455 2566 Prceterea
490 2498 636 2580 ejusdem
672 2508 721 2559 est
751 2499 954 2561 considerare
971 2499 1079 2560 Deum
1111 2518 1163 2559 se·

197 2606 343 2667 cundum
368 2606 457 2687 quod
483 2606 573 2667 Deus
595 2614 654 2697 cst,
679 2614 711 2667 et
734 2605 937 2667 considerare
959 2604 1070 2667 omnia
1085 2624 1165 2685 quae

197 2720 275 2773 sunt
295 2721 328 2774 et
350 2732 414 2774 csse
431 2722 576 2793 possunt,
601 2712 677 2793 quia
708 2712 750 2773 in·
772 2712 845 2774 Deo
868 2713 1012 2774 relucent
1035 2711 1161 2787 omnia;

42 2864 54 2873 -
95 2828 97 2831 ’
198 2818 254 2881 sed
279 2818 339 2881 ista
362 2819 495 2881 scientia
528 2839 592 2880 non
625 2818 807 2880 considerat
837 2819 948 2881 omnia
978 2838 1054 2899 quae
1074 2826 1163 2880 sunt

199 2934 232 2987 et
255 2944 330 3006 quae
354 2944 423 2987 esse
447 2936 593 3007 possunt,
618 2925 675 2987 scd
698 2925 805 2986 solum
829 2946 848 2986 a
871 2925 990 3006 quibus
1012 2922 1093 2986 fides
1113 2924 1167 2985 do·
1253 3001 1257 3008 ι

187 3032 356 3113 fetiditur,
392 3032 540 3094 nutritur
568 3041 600 3094 et
631 3020 801 3095 roboratur
830 3032 1010 3093 secundum
1042 3030 1166 3112 Augu·

198 3138 319 3200 stinum
345 3158 396 3222 14.
422 3138 473 3201 De
502 3140 532 3201 T
528 3139 610 3211 rin.,·
643 3159 723 3221 ergo
754 3138 815 3200 ista
838 3138 970 3201 scientia
994 3157 1059 3199 non
1088 3157 1165 3199 con-

200 3246 319 3307 siderat
340 3246 449 3308 Deum
474 3246 655 3308 secundum
680 3246 770 3327 quod
795 3246 885 3308 Deus
909 3253 967 3319 est,
992 3254 1164 3327 tamquam

199 3352 393 3433 subjectum.

271 3455 418 3525 Contra.
445 3459 502 3521 Ilia
525 3459 657 3521 scicntia
683 3479 747 3521 non
771 3469 820 3521 cst
841 3456 950 3521 'realis
980 3478 1055 3538 quae
1087 3478 1168 3518 con-

199 3566 318 3627 siderat
341 3586 436 3627 suum
461 3565 644 3646 subjectum
669 3566 731 3628 sub
747 3577 893 3648 respectu
918 3564 1065 3637 rationis,
1082 3563 1167 3625 sicut

197 3681 288 3754 patet
311 3673 352 3734 de
375 3672 515 3755 Logica:
540 3673 596 3735 sed
625 3681 789 3755 respectus
820 3674 882 3735 Dei
912 3673 960 3735 od
991 3682 1086 3733 extra
1116 3680 1168 3733 est
