2684 4209
361 217 571 280 Dnsrmcr.
597 217 661 280 VII
679 216 826 299 Qonsr.
852 218 883 280 ΙΙ
1074 231 1134 298 153

191 443 249 486 nes
272 431 349 485 sunt
372 422 502 486 alterius
513 423 655 496 rationis,
681 433 817 506 negetur
837 423 978 486 secunda
996 434 1079 505 pars
1090 445 1158 485 ma·

175 529 283 612 joris,
311 529 388 611 quia
418 530 599 592 secundum
631 529 870 611 Philosophum
897 548 932 613 5.
965 529 1066 609 Phys.
1098 551 1156 612 per

193 647 323 698 motum
354 645 474 698 rectum
505 645 538 698 et
569 657 626 718 per
660 645 788 699 motum
819 636 1012 699 circularem
1049 645 1158 718 potest

191 742 317 824 acquiri
340 742 427 804 idem
451 742 509 804 ubi
530 763 679 816 nomem,
710 751 743 804 et
766 752 877 806 tamen
910 753 1021 805 motus
1051 752 1158 806 rectus

192 858 226 911 et
250 859 359 911 motus
382 849 544 911 circularis
567 857 697 911 tantum
722 849 876 911 differunt
898 851 988 931 quod
1012 859 1088 912 sunt
1111 850 1158 911 al-

192 956 292 1018 terius
316 956 448 1017 rationis
471 965 503 1017 et
526 956 616 1037 quod
640 975 707 1017 non
731 965 809 1019 sunt
832 957 874 1018 ad
906 957 1044 1018 invicem
1067 975 1159 1018 com-

92 1071 96 1076 '
193 1061 362 1144 parabiles,
395 1071 431 1124 ut
454 1071 545 1144 patet
580 1081 610 1146 7.
635 1061 736 1143 Phys.
763 1063 807 1124 Et
841 1063 975 1144 quando
1001 1062 1158 1144 probatur

192 1169 284 1250 quod
307 1169 398 1230 aliter
422 1189 487 1230 non
503 1177 587 1230 esset
615 1169 785 1250 proportio
802 1169 1010 1250 producentis
1025 1170 1067 1230 ad
1084 1189 1158 1250 pro

193 1277 341 1349 ductum,
366 1275 439 1337 dico
463 1275 553 1357 quod
578 1295 642 1339 non
667 1284 798 1357 oportet
832 1276 1048 1338 omninodam
1084 1296 1159 1358 pro-

193 1383 377 1464 portionem
403 1381 454 1444 hic
477 1403 555 1444 esse.
579 1418 624 1429 -
648 1383 693 1444 Et
717 1384 851 1464 quando
875 1383 1007 1444 ulterius
1041 1382 1157 1444 dicitur

187 1490 284 1571 quod
308 1489 539 1570 productiones
555 1499 630 1551 sunt
654 1489 801 1569 ejusdem
833 1489 966 1551 rationis
981 1510 1057 1551 cum
1082 1509 1157 1570 pro-

192 1597 310 1668 ductis,
334 1597 468 1659 concedo
492 1605 654 1676 quantum
684 1596 726 1657 ad
750 1596 882 1677 aliquid,
915 1596 992 1677 quia
1015 1596 1060 1657 sic
1083 1616 1159 1677 pro-

192 1703 364 1764 ductiones
388 1711 463 1764 sunt
487 1703 639 1775 relativae,
657 1703 751 1783 itaet
767 1704 927 1785 producta
942 1703 992 1764 vel
1010 1723 1158 1784 personae

195 1810 365 1890 productae
390 1809 541 1871 dicuntur
565 1808 708 1870 relative.

261 1915 320 1978 Ad
340 1915 590 1989 ultimnm,dico
613 1917 704 1997 quod
729 1915 759 1977 in
793 1916 949 1978 creaturis
980 1915 1159 1977 differentia

194 2023 341 2105 specifica
365 2032 413 2085 est
437 2021 607 2104 perfectior
630 2044 731 2105 quam
756 2023 935 2085 differentia
958 2024 1155 2096 nrtrneralis;

195 2130 308 2192 sedin
332 2130 447 2192 divinis
471 2130 651 2210 propositio
684 2130 736 2192 illa
761 2150 825 2191 non
858 2129 957 2192 habet
987 2130 1158 2191 veritatem

196 2257 254 2298 nec
278 2236 484 2298 evidentiam.
503 2236 600 2298 Ratio
616 2245 728 2297 autem
752 2257 853 2317 quare
877 2237 908 2298 in
932 2237 1089 2298 creaturis
1101 2234 1158 2297 dif-

194 2341 329 2404 ferentia
352 2341 501 2424 specifica
516 2353 564 2404 est
588 2341 760 2423 perfectior
777 2363 876 2424 quam
894 2342 1070 2404 numeralis
1088 2342 1159 2404 haec

195 2459 244 2511 est
256 2458 389 2529 propter
402 2448 560 2511 finitatem
574 2459 806 2521 creaturarum,
819 2450 896 2530 quia
910 2450 996 2511 nulla
1008 2459 1156 2512 creatura

195 2565 244 2617 est
275 2577 350 2637 quae
382 2556 500 2618 habeat
531 2555 562 2617 in
601 2575 635 2617 se
671 2556 840 2618 entitatem
880 2554 1049 2630 infinitam,
1086 2556 1159 2617 ideo

195 2663 285 2744 quod
310 2683 375 2724 non
407 2671 456 2724 est
487 2662 528 2724 ibi
561 2663 592 2724 in
625 2683 690 2724 una
720 2663 836 2743 specie,
869 2663 1001 2743 ponitur
1033 2663 1065 2724 in
1097 2662 1160 2724 alia

196 2779 330 2852 propter
355 2769 512 2849 majorem
541 2767 773 2850 perfectionem
806 2769 962 2849 universi3
987 2769 1019 2830 in
1044 2769 1160 2831 divinis

196 2885 306 2938 autem
331 2896 396 2938 non
420 2885 468 2937 est
492 2876 546 2949 sic,
571 2876 648 2957 quia
671 2875 715 2937 ibi
739 2876 871 2956 ponitur
894 2876 1012 2937 entitas
1035 2874 1161 2937 infinita

188 3004 271 3064 ·quae
295 2982 440 3044 continet
463 2983 495 3043 in
520 3002 553 3044 se
577 2981 789 3063 perfectiones
812 2982 971 3044 omnium.

629 3210 732 3566 f
