2684 4209
366 236 552 299 Drsrmcr.
577 236 638 299 XII
664 236 809 317 Qunsr.
835 236 865 299 ΙΙ
1053 252 1112 300 201

169 441 291 505 strahit
314 442 356 504 ab
380 462 446 504 uno
469 450 502 504 et
527 442 644 505 multis.
671 442 751 504 Alio
776 442 875 504 modo
899 452 1008 523 potest
1035 442 1139 505 consi-

175 549 280 611 derari
304 559 396 611 actus
430 549 573 630 spirandi
605 549 801 630 inquantum
832 549 974 631 simplex
1002 558 1035 612 et
1067 569 1138 631 per-

170 654 290 730 fectus,
314 664 346 717 et
369 656 446 737 quia
478 655 540 717 hoc
570 664 619 717 est
642 675 686 717 ex
717 656 840 718 unitate
871 652 1032 738 principii,
1066 656 1139 718 ideo

178 763 366 844 producunt
390 762 584 844 inquantum
610 782 724 824 unum.

245 976 308 1041 Be
339 975 468 1041 tertio
498 974 701 1041 Artenam
730 976 805 1038 dico
834 976 925 1057 quod
955 985 1049 1039 actus
1079 977 1142 1059 spi-

177 1082 269 1144 randi
294 1083 325 1144 in
349 1082 518 1165 proposito
542 1091 650 1163 potest
666 1083 860 1145 considerari
887 1083 1062 1164 tripliciter,
1088 1085 1139 1147 vei

178 1190 210 1251 in
235 1210 277 1263 se,
301 1189 351 1251 vel
376 1190 571 1270 inquantum
595 1197 643 1251 est
666 1190 833 1261 terminus,
858 1190 908 1252 vel
941 1190 1139 1271 inquantum

169 1306 388 1377 eomparatur
411 1296 453 1357 ad
484 1296 653 1377 supposita
684 1297 823 1379 agentia.
856 1295 990 1358 Duobus
1015 1297 1140 1378 primis

178 1403 283 1465 modis
307 1404 400 1465 Pater
424 1412 456 1464 et
481 1402 582 1465 Filius
606 1401 808 1465 uniformiter
832 1403 957 1484 spirant
981 1402 1140 1485 Spiritum

180 1509 348 1584 Sanctum,
374 1508 431 1571 sed
454 1510 547 1571 tertz'o
574 1530 650 1583 non,
683 1510 760 1591 quia
789 1510 880 1591 quod
913 1510 1006 1572 Pater
1040 1511 1142 1593 spirat

179 1616 279 1679 habet
301 1638 320 1678 a
343 1636 386 1691 se,
413 1616 514 1678 Filius
536 1626 648 1678 autem
673 1615 771 1678 habet
794 1637 814 1678 a
837 1616 940 1678 Patre.

247 1828 307 1891 Ao
331 1842 593 1892 nnounanron
617 1842 655 1890 ΙΝ
681 1842 927 1892 conrnnnrun
949 1830 1024 1893 dico
1051 1832 1141 1913 quod

179 1936 321 2017 plurium
346 1936 591 2017 suppositorum
621 1956 686 1997 non
711 1946 819 2018 potest
849 1957 918 1998 esse
949 1958 1014 1999 una
1044 1938 1140 2013 actio,

179 2042 206 2105 si
228 2053 328 2125 agant
344 2043 501 2105 distinctis
517 2042 683 2124 principiis
698 2064 781 2123 qum·
805 2043 861 2105 sed
885 2043 1019 2125 quando
1035 2054 1140 2127 agunt

180 2150 213 2211 in
236 2150 351 2211 eodem
369 2150 527 2231 principio
543 2171 614 2231 quo,
642 2158 722 2211 tunc
739 2159 875 2230 possunt
899 2149 1017 2212 habere
1042 2172 1141 2213 unam

179 2257 356 2332 actionem;
381 2258 437 2319 sed
460 2256 505 2318 sic
536 2264 584 2318 est
607 2256 639 2317 in
671 2257 850 2337 proposito,
882 2258 959 2338 quia
990 2257 1022 2318 in
1047 2258 1141 2320 Patre

179 2372 213 2424 et
238 2362 319 2424 Filio
350 2373 399 2425 est
430 2364 559 2445 penitus
582 2363 696 2424 eadem
729 2363 879 2425 voluntas
910 2362 1075 2439 foecunda,
1107 2373 1140 2427 et

181 2479 259 2530 tunc
282 2470 397 2531 talium
422 2470 655 2553 principiorum
680 2470 729 2531 vel
755 2471 1001 2552 suppositorum
1033 2480 1141 2553 potest

171 2595 249 2637 -esse
272 2596 337 2638 una
360 2578 454 2639 actio.

542 2769 719 2852 Qunsrro
743 2771 783 2834 11.

500 2930 646 2994 Secundo
668 2932 847 3013 quaritur:

233 3085 340 3142 Utrum
358 3088 504 3155 generatio
532 3088 596 3143 lom
616 3090 756 3157 praeoodut
784 3089 995 3158 productionem
1020 3090 1146 3159 Sptrltus

171 3174 287 3230 'Sunott

249 3320 388 3384 Videtur
403 3323 494 3404 quod
519 3343 594 3395 non,
618 3323 696 3405 quia
712 3323 815 3405 qualis
838 3334 887 3386 est
903 3324 984 3385 ordo
1008 3323 1039 3385 in
1057 3324 1144 3405 prin-

172 3426 283 3509 -cipiis
296 3428 368 3490 talis
391 3438 439 3491 est
462 3430 542 3491 ordo
567 3430 598 3491 in
623 3429 840 3513 principiatis;
865 3430 921 3492 sed
946 3430 1142 3512 principium

180 3534 399 3617 generationis
431 3556 495 3597 non
527 3537 684 3617 praecedit
715 3538 910 3618 principium
942 3537 1142 3618 spirationis3

171 3660 272 3723 -ergo
298 3641 450 3704 Probatio
466 3642 623 3705 minoris:
650 3643 847 3727 Principium
864 3644 1080 3725 generationis
1096 3654 1144 3707 est
