2684 4209
250 268 312 314 212
527 251 603 314 Lm.
627 252 642 313 Ι
666 250 961 314 Ssursurmnuu

227 477 338 520 nerare
360 457 402 518 ad
426 456 562 538 spirare3
587 456 643 518 sed
661 457 807 539 generari
823 466 856 519 et
887 456 999 538 spirari
1022 477 1088 518 non
1111 465 1197 519 sunt

227 564 331 641 idem;
356 584 446 645 erg0.

299 667 423 745 Quarto
445 670 507 732 sic:
532 670 660 735 Relatio
685 670 893 752 producentis
913 692 979 733 non
1002 679 1051 733 est
1073 670 1190 731 eadem

227 798 303 841 cum
321 778 475 840 relatione
499 778 665 859 producti:
691 778 747 840 sed
764 778 908 860 generari
925 786 974 842 est
990 776 1101 840 relatio
1117 798 1199 859 pro—

229 884 327 957 ducti,
352 884 472 965 spirare
495 893 604 945 autem
630 884 742 946 relatio
766 884 991 965 producentis;
1019 904 1099 965 ergo
1122 904 1191 945 non

229 1003 305 1054 sunt
329 992 414 1054 idem
440 991 467 1052 F
470 991 539 1065 ilio;
571 1011 651 1073 ergo
679 991 794 1053 eadem
827 992 949 1053 ratione
979 1011 1134 1073 generare
1156 1000 1194 1053 et

230 1099 351 1181 spirare
374 1119 440 1161 non
464 1107 540 1161 sunt
563 1098 649 1160 idem
675 1099 706 1160 in
731 1099 835 1161 Patre.

297 1202 345 1273 Ξῖ
375 1208 546 1273 teneatur
579 1203 653 1272 isla
687 1203 817 1290 Opinio
847 1225 923 1287 quae
954 1204 1083 1267 videtur
1118 1226 1196 1286 pro-

230 1312 376 1387 babilior,
412 1321 519 1393 potest
554 1312 738 1394 responderi
774 1313 816 1374 ad
850 1321 1045 1394 argumenta
1075 1311 1198 1393 primae

231 1419 401 1501 opinionis.

298 1527 356 1589 Ad
370 1525 529 1607 primum,
566 1526 740 1616 glossando
767 1527 923 1608 majorem
957 1546 1034 1588 cum
1057 1526 1198 1588 dicitur:

232 1653 438 1714 quaecunque
472 1632 660 1705 subsistunt,
685 1632 710 1694 si
734 1632 886 1695 differunt
916 1633 1049 1705 realiter,
1074 1633 1200 1695 consti·

231 1748 329 1802 tuunt
352 1739 477 1801 diversa
501 1739 667 1819 supposita
692 1739 826 1814 realiter,
850 1760 964 1801 verum
989 1748 1037 1801 est
1060 1740 1086 1801 si
1117 1740 1201 1801 sub⁸

233 1846 349 1910 sistunt
373 1845 502 1927 propria
526 1845 730 1908 subsistentia
753 1867 773 1907 a
796 1866 839 1908 se.
865 1846 1050 1908 Relationes
1080 1855 1193 1908 autem

233 1952 383 2035 quamvis
406 1952 581 2015 subsistant
604 1952 636 2015 in
660 1973 703 2025 se,
729 1973 794 2014 non
817 1961 929 2015 tamen
953 1952 1084 2034 propria
1117 1952 1200 2015 sub·

233 2059 376 2122 sistentia
399 2080 419 2121 a
441 2079 484 2133 se,
509 2059 565 2120 sed
589 2059 768 2121 subsistunt
791 2080 834 2121 ex
858 2058 1016 2121 infinitate
1046 2060 1200 2122 essentiae

235 2166 398 2248 largientis
420 2165 465 2227 eis
488 2165 738 2228 subsistentiam.

301 2272 360 2334 Ad
378 2272 553 2334 secundum
577 2273 791 2353 respondetur
814 2294 881 2335 uno
909 2272 1010 2335 modo
1033 2294 1090 2355 per
1114 2273 1200 2335 inte-

235 2379 450 2460 remptionem
475 2379 623 2441 minoris.
648 2378 727 2441 Alio
751 2380 852 2441 modo
875 2380 1116 2462 distinguendo,
1139 2380 1203 2441 sei-

235 2485 309 2549 licet
331 2485 421 2567 quod
445 2485 487 2548 ibi
511 2494 560 2548 est
582 2506 658 2548 vera
682 2485 870 2568 praedicatio
901 2507 958 2568 per
981 2486 1194 2561 identitatem,

236 2613 301 2655 non
325 2600 435 2655 tamen
463 2591 647 2655 formaliter.

302 2699 361 2761 Ad
380 2699 511 2761 tertium
535 2708 626 2782 patet
649 2719 706 2781 per
729 2700 807 2763 illud
830 2702 920 2782 quod
943 2709 992 2764 est
1022 2722 1120 2783 supra
1153 2701 1204 2764 di-

237 2814 318 2880 tum,
342 2804 618 2889 Dist.11.,quia
642 2827 708 2869 non
735 2816 865 2871 tantum
888 2807 929 2871 sit
956 2808 1118 2871 distinctio
1141 2829 1201 2891 per

237 2910 424 2975 relationem
448 2911 589 2995 originis,
614 2913 670 2976 sed
693 2913 791 2976 etiam
815 2934 873 2996 per
895 2914 1066 2978 relationes
1092 2915 1202 2998 dispa-

237 3026 332 3081 ratas.
357 3018 393 3081 In
418 3019 512 3081 Patre
534 3028 644 3082 autem
671 3039 824 3103 generare
845 3030 879 3083 et
901 3021 1022 3103 spirare
1051 3030 1128 3085 sunt
1151 3042 1203 3085 re-
1282 3029 1289 3040 ⁸

238 3124 373 3188 lationes
396 3124 579 3208 disparatae,
603 3134 664 3189 etc.

669 3354 773 3711 l
