2684 4209
418 180 606 244 Drsrmcr.
631 179 664 244 V
689 177 875 260 Quissr.1
984 260 986 264 .
1080 145 1177 258 125·

198 393 248 446 est
271 385 402 466 sapiens
417 384 574 467 sapientia
591 385 713 467 genita,
739 384 817 466 quia
832 384 858 447 si
874 405 913 447 ea
927 394 1013 447 esset
1029 385 1171 467 sapiens,

197 511 237 554 ea
261 501 357 566 esset,
382 491 459 573 quia
483 491 525 552 ibi
549 491 636 553 idem
660 499 710 553 est
733 491 891 573 sapientia
913 501 947 553 et
968 493 1115 554 essentia.

266 598 325 660 Ad
352 598 436 660 idem
460 607 609 680 arguunt
629 597 696 660 alii
715 597 774 660 sic:
799 598 836 660 In
860 599 1013 661 creaturis
1028 618 1088 662 nec
1104 619 1170 661 ma·

198 705 279 768 teria
302 713 436 786 generat
459 725 518 767 nec
548 703 664 778 forma,
694 705 751 767 sed
778 705 999 787 compositum
1027 715 1167 780 tantum,

199 829 230 896 7.
255 809 429 892 Metaplz.,·
453 832 533 894 ergo
557 811 700 874 similiter
729 813 761 874 in
788 812 905 875 divinis
933 812 1071 875 essentia
1100 832 1165 875 non

200 927 342 1002 generat,
368 919 425 982 sed
448 917 655 1000 suppositum
680 917 747 980 sive
770 939 918 1000 persona.
943 954 988 966 -
1012 918 1081 982 Sed
1100 917 1174 982 lcoec

199 1026 285 1088 ratio
308 1047 371 1088 non
388 1025 484 1098 valet,
509 1025 587 1106 quia
611 1025 643 1088 in
659 1026 823 1099 creaturis,
840 1025 922 1088 ratio
938 1046 1039 1107 quare
1061 1024 1168 1088 forma

200 1153 268 1196 non
292 1142 435 1216 generat,
459 1142 508 1195 est
534 1132 611 1214 quia
638 1130 744 1194 forma
772 1152 837 1194 non
866 1142 916 1195 est
948 1153 1005 1214 per
1034 1153 1069 1195 se
1097 1133 1172 1194 exi-

200 1248 302 1314 stens;
325 1239 382 1302 sed
405 1239 450 1301 sic
475 1259 540 1301 non
564 1247 613 1300 est
641 1238 673 1300 in
706 1239 888 1321 proposito;
919 1259 997 1301 nam
1025 1239 1167 1302 essentia

200 1345 311 1408 divina
333 1355 382 1408 est
407 1366 464 1427 per
488 1365 522 1408 se
545 1345 698 1408 existens.

269 1451 438 1534 Quidquid
473 1461 584 1514 autern
608 1451 648 1514 sit
687 1452 729 1514 de
755 1452 822 1514 istis
850 1451 1067 1533 opinionibus,
1097 1452 1171 1534 opi-

202 1560 257 1622 nio
279 1569 389 1622 tamen
414 1558 561 1641 Magistri
585 1567 634 1620 est
657 1579 742 1642 vera,
766 1568 798 1621 et
811 1557 1034 1621 'confirmatur
1060 1568 1171 1637 aucto,

202 1665 295 1727 ritate
318 1665 473 1727 Ecclesiae
497 1685 572 1746 quae
596 1675 645 1727 est
676 1665 821 1726 maxima
844 1665 1028 1739 auctoritas,
1054 1674 1090 1727 ut
1113 1685 1170 1747 po

202 1771 249 1835 nit
272 1771 482 1854 Augustinus
509 1771 541 1833 in
572 1771 677 1852 Epist.
706 1782 818 1833 contra
846 1771 1011 1834 Fundam.
1040 1771 1102 1833 Ait
1134 1792 1170 1833 e-

201 1878 269 1940 nim
292 1878 382 1959 Papa
405 1877 436 1940 in
466 1877 633 1940 Decretali
661 1877 809 1959 superius
838 1877 1001 1960 allegata:
1039 1901 1070 1938 α.
1088 1877 1167 1952 Nos,

206 2009 222 2046 n
246 2005 338 2047 sacro
361 1984 565 2066 approbante
588 1983 746 2064 Concilio,
771 1984 943 2059 credimus,
973 1983 1171 2046 confitemur

206 2115 222 2154 α
247 2113 322 2154 curn
347 2091 454 2164 Petr0‚
480 2091 563 2153 idest
586 2091 746 2172 Magistro
769 2090 869 2164 Sent.,
894 2092 985 2172 quod
1010 2112 1074 2154 una
1101 2091 1173 2173 qui-

205 2218 322 2279 «dem
349 2236 398 2278 res
420 2225 470 2278 est
503 2214 841 2298 incomprehensibilis
876 2225 909 2278 et
931 2215 1108 2304 ineffabilis,
1136 2226 1168 2278 et

206 2347 223 2384 <r
247 2322 307 2386 ista
329 2323 462 2404 quidem
486 2343 536 2385 res
560 2343 619 2386 nec
642 2332 691 2386 est
715 2343 875 2405 generans
898 2343 957 2384 nec
983 2323 1093 2404 genita
1109 2344 1171 2385 nec

207 2453 223 2490 <r
249 2430 442 2511 procedens;
466 2430 522 2492 sed
546 2439 595 2492 est
619 2430 715 2492 Pater
738 2430 795 2511 qui
820 2439 962 2512 generat,
990 2429 1090 2491 Filius
1112 2430 1168 2511 qui

206 2560 223 2596 u
248 2536 402 2618 gignitur,
425 2545 458 2598 et
482 2535 620 2618 Spiritus
644 2536 784 2600 Sanctus
809 2536 864 2618 qui
889 2535 1035 2618 procedit
1059 2559 1089 2597 n.

271 2643 315 2704 Et
337 2643 414 2724 quia
438 2643 589 2724 Joachim
614 2641 770 2705 inferebat
794 2643 884 2724 quod
908 2652 977 2705 erat
1005 2642 1172 2724 quaterni-

202 2749 306 2812 tasin
332 2749 456 2824 divinis,
481 2750 523 2812 ad
547 2749 610 2812 hoc
633 2750 799 2830 respondit
827 2750 1010 2812 Decretalis
1034 2748 1163 2821 ibidem,

202 2857 292 2938 quod
317 2857 369 2918 illa
391 2866 440 2918 est
463 2856 795 2938 incomprehensibilis
818 2865 851 2918 et
873 2854 1052 2918 ineffabilis.
1070 2856 1169 2918 Vera-

202 2963 280 3026 citer
302 2973 351 3025 est
375 2963 477 3036 Pater,
507 2963 606 3024 Filius
629 2972 661 3025 et
686 2963 825 3044 Spiritus
849 2962 989 3026 Sanctus
1013 2972 1077 3025 tres
1100 2983 1171 3044 per-

203 3089 293 3132 sonae
316 3069 412 3132 simul
444 3079 477 3132 et
506 3069 693 3152 singillatim
725 3070 879 3152 quaelibet
910 3069 1098 3132 earundem.
1124 3069 1169 3131 Et

203 3177 275 3239 ideo
299 3177 508 3248 solummodo
531 3177 656 3239 trinitas
679 3187 727 3239 est
751 3178 782 3239 in
808 3177 880 3238 Deo
904 3186 937 3238 et
961 3196 1026 3238 non
1043 3185 1170 3258 quater-

202 3285 294 3368 nitas,
319 3283 396 3365 quia
418 3283 573 3365 quaelibet
597 3284 695 3345 trium
720 3303 932 3366 personarum
962 3293 1010 3344 cst
1038 3283 1091 3344 illa
1119 3303 1170 3344 res

202 3391 352 3453 videlicet
374 3390 512 3454 essentia
535 3390 653 3452 divina.

272 3496 305 3560 Si
330 3507 438 3558 autem
452 3505 627 3578 quaeratur,
652 3518 752 3579 quare
775 3498 806 3559 in
832 3497 956 3578 Logica
972 3517 1038 3558 non
1054 3496 1169 3557 admit-

202 3603 280 3666 titur
304 3603 365 3665 ista
388 3603 580 3684 propositio:
606 3605 742 3666 essentia
759 3613 892 3685 generat
907 3604 956 3665 vel
975 3607 1169 3685 generatur?
