2684 4209
221 229 283 290 144
483 212 556 275 Lus.
582 213 596 275 I
620 212 915 277 Ssnrsurmnun

193 419 285 500 quod
308 418 361 481 illa
384 419 511 481 realitas
535 417 670 481 refertur
693 419 736 480 ad
760 418 891 493 Filium,
915 420 1007 501 quod
1029 429 1078 481 est
1101 418 1154 481 ial-

195 547 279 588 sum.
304 527 420 609 Major
441 535 531 608 patet
553 547 595 588 ex
617 545 638 588 2
662 525 813 608 lisitapli.
845 534 876 589 et
904 545 935 589 2.
966 525 1069 607 Phys.
1103 526 1161 588 ubi

194 633 313 696 dicitur
336 634 427 715 quod
457 632 575 696 artifex
606 642 639 696 et
670 654 723 696 ars
752 634 907 696 dicuntur
937 634 1052 696 eadem
1084 635 1160 696 rela-

196 740 285 803 tione
308 741 350 802 ad
373 739 589 802 artificiatum.

264 848 432 921 Praeterea,
469 847 643 929 productio
679 867 737 929 per
772 847 861 929 prius
885 857 934 910 est
967 847 1166 910 distinctiva

197 976 299 1037 quam
322 954 557 1026 assimilativa,
593 954 671 1036 quia
703 962 752 1016 est
783 955 992 1016 assimilativa
1025 955 1165 1036 inquan-

198 1071 271 1125 tum
295 1069 344 1123 est
374 1060 489 1132 forma,
524 1072 573 1123 est
603 1070 715 1124 autem
748 1061 935 1123 distinctiva
966 1061 1164 1142 inquantum

199 1178 249 1230 est
273 1167 349 1246 hoc;
373 1189 453 1250 ergo
477 1189 533 1249 per
557 1168 646 1250 prius
669 1176 719 1230 est
742 1169 936 1249 productiva
967 1167 1164 1250 inquantum

199 1286 249 1337 est
273 1274 335 1336 hoc
358 1294 459 1356 quarn
485 1275 680 1356 inquantum
713 1274 832 1352 iorma3
864 1276 921 1337 sed
953 1285 990 1337 ut
1020 1283 1069 1336 est
1100 1274 1165 1336 hoc

206 1381 284 1443 dicit
318 1381 548 1463 proprietatem
585 1382 787 1463 personalem
795 1404 802 1460 ;
827 1403 938 1464 ergo..
963 1382 1077 1463 Major
1110 1402 1168 1462 pa·

203 1497 259 1562 tet,
285 1508 360 1550 nam
385 1489 491 1550 omnis
515 1489 688 1569 productio
711 1498 761 1555 est
785 1489 979 1562 distinctiva,
1011 1508 1076 1550 non
1107 1508 1166 1549 au-

201 1606 269 1657 tem
293 1595 399 1657 omnis
422 1595 644 1672 assimilativa;
668 1596 726 1658 sed
750 1597 828 1658 illud
852 1604 901 1658 est
925 1595 1014 1677 prius
1045 1615 1065 1656 a
1095 1615 1164 1676 quo

205 1723 269 1764 non
285 1701 483 1764 convertitur
499 1702 694 1766 subsistendi
720 1703 968 1784 consequentia;
987 1722 1067 1785 ergo
1095 1723 1170 1784 pro·

204 1809 317 1871 ductio
340 1809 428 1890 prius
451 1817 500 1870 est
521 1808 708 1872 distinctiva
732 1829 832 1891 quam
857 1810 1073 1872 assimilativa.

272 2021 377 2089 Alia
407 2026 475 2087 eat
503 2023 656 2105 opinio
683 2023 774 2105 quod
804 2023 941 2086 essentia
969 2032 1018 2085 est
1048 2022 1169 2103 princi-

207 2130 298 2211 pium
321 2129 503 2192 elicitivum
527 2129 753 2211 generationis,
778 2140 811 2192 et
834 2130 949 2193 relatio
971 2139 1021 2192 est
1053 2129 1171 2211 princi·

207 2237 298 2318 pium
322 2237 619 2299 determirmtivrmr.
646 2237 704 2299 Ad
728 2237 822 2318 cujus
837 2236 1034 2300 evidentiam
1050 2244 1100 2299 est
1115 2257 1174 2298 no·

208 2344 345 2406 tandum
370 2344 550 2408 secundum
582 2343 678 2405 istam
712 2345 910 2425 opinionem,
942 2344 1032 2425 quod
1063 2345 1173 2406 omnis

207 2451 292 2513 actio
316 2449 454 2532 positiva
476 2450 572 2512 debet
598 2450 717 2512 habere
750 2451 944 2532 principium
977 2450 1170 2531 positivum;

207 2558 265 2620 sed
289 2557 321 2618 in
344 2556 460 2619 divinis
484 2576 549 2618 non
578 2566 654 2619 sunt
686 2557 744 2618 nisi
776 2558 842 2618 duo
873 2557 1020 2638 positiva,
1052 2557 1172 2619 scilicet

204 2663 345 2726 essentia
368 2673 401 2725 et
425 2663 545 2726 relatio.
571 2664 700 2726 Relatio
726 2683 791 2725 non
820 2673 928 2745 potest
958 2683 1027 2727 esse
1058 2662 1174 2745 princi·

210 2771 301 2852 pium
325 2769 500 2832 elicitivum
525 2771 751 2852 generationis
775 2770 852 2851 quia
883 2790 948 2832 non
973 2779 1082 2851 potest
1104 2789 1176 2832 esse

211 2897 270 2941 nec
294 2876 489 2959 principium
514 2898 573 2939 nec
597 2878 756 2939 terminus
795 2887 905 2940 motus
934 2898 977 2939 ex
1003 2895 1038 2960 5.
1070 2875 1173 2958 Phys.

211 3005 290 3066 ergo
314 2993 443 3066 oportet
458 2985 549 3065 quod
564 2985 703 3047 essentia
718 2985 759 3046 sit
775 2985 969 3066 principium
986 2984 1175 3061 elicitivum;

212 3091 268 3152 sed
292 3091 429 3153 essentia
456 3101 505 3153 est
535 3091 786 3154 indeterminata
815 3091 857 3152 ad
889 3091 973 3153 hanc
1003 3091 1053 3153 vel
1085 3089 1174 3153 illam

212 3197 473 3279 productionem,
491 3197 621 3270 scilicet,
641 3198 886 3279 generationem
903 3206 936 3259 et
951 3197 1172 3279 spirationem;

212 3325 293 3386 ergo
317 3314 445 3386 oportet
475 3306 565 3386 quod
598 3325 655 3385 per
687 3305 810 3386 aliquid
841 3304 1088 3382 determinetur;
1119 3303 1178 3365 sed

212 3411 448 3474 determinatur
472 3432 529 3493 per
554 3412 754 3485 relationem,
779 3431 858 3493 ergo
883 3411 994 3474 relatio
1017 3421 1066 3474 est
1094 3411 1180 3492 prin-

214 3517 337 3599 cipium
361 3519 657 3592 determinativum,
682 3527 716 3581 et
731 3517 868 3581 essentia
884 3517 1079 3600 principium
1095 3517 1180 3579 elici-

213 3623 330 3687 tivum.
