2684 4209
375 197 562 260 Drsrnicr.
587 196 636 258 1v
660 195 807 278 Qunsr.
832 197 846 260 Ι
1052 215 1109 260 121

165 401 337 464 diversum
362 402 514 464 dicuntur
538 402 579 464 de
602 403 702 476 omni,
727 412 761 465 et
783 403 983 465 reducuntur
1005 404 1047 465 ad
1064 425 1139 466 con·

165 508 366 582 tradictoria,
391 509 465 571 dico
488 509 577 590 quod
602 510 716 592 genuit
743 510 886 572 eundem
916 510 1040 585 Deum;
1070 531 1137 573 non

169 625 281 678 tamen
306 615 451 697 sequitur
474 615 565 697 quod
586 636 620 678 se
645 615 764 690 Deum,
792 617 897 679 immo
919 626 968 678 est
989 617 1137 699 fallacia

167 721 288 804 figurae
319 721 472 784 dictionis
503 721 566 785 hoc
596 721 776 797 inferendo
808 723 884 804 quia
915 733 1138 786 commutatur

169 829 269 910 quale
291 829 376 910 qnid
397 828 429 891 in
452 827 509 891 ltoc
532 829 673 910 aliquid.
700 829 786 893 Cum
809 830 897 891 enim
921 830 1009 905 dic0;
1027 830 1140 913 genuit

166 924 315 997 eundem
340 935 462 1010 Deum,
485 936 573 998 nulla
595 945 644 998 est
668 937 878 1019 reciprocatio
902 937 959 998 ibi:
986 957 1062 999 curn
1085 958 1140 998 au-

172 1051 240 1104 tem
266 1041 381 1104 dicitur
414 1043 526 1124 genuit
560 1063 594 1104 se
619 1042 739 1116 Deum,
764 1043 807 1104 ibi
835 1053 884 1105 est
917 1043 1140 1125 reciprocatio.

241 1148 301 1210 Ad
319 1149 496 1210 secrmdum
520 1149 593 1212 dico
609 1150 700 1230 quod
716 1148 759 1211 ibi
775 1159 823 1211 est
832 1149 981 1231 fallacia
997 1150 1141 1212 acciden-

170 1255 227 1327 tis,
262 1255 338 1336 quia
362 1255 502 1317 variatur
527 1255 685 1318 habitudo
710 1257 816 1318 medii.
842 1256 927 1320 Cum
951 1257 1038 1318 eninr
1063 1256 1140 1318 dici·

172 1371 240 1424 tur:
268 1383 427 1443 generans
449 1363 660 1445 distinguitur
684 1384 704 1424 a
727 1362 848 1445 genitu,
876 1363 1033 1444 accipitur
1060 1363 1140 1426 alie-

170 1478 226 1531 tas
257 1479 404 1550 respectu
436 1469 594 1551 suppositi
630 1479 762 1532 etcum
796 1470 949 1532 relatione
979 1471 1138 1552 opposita.

174 1575 262 1638 Cum
287 1584 397 1637 autem
421 1576 551 1638 dicitur:
578 1577 667 1638 Deus
691 1586 740 1638 est
756 1576 836 1638 alius
851 1598 871 1638 a
889 1577 962 1638 Deo
983 1577 1139 1652 absolute,

174 1682 219 1742 ibi
245 1701 312 1744 non
336 1691 384 1744 est
408 1683 570 1764 oppositio
595 1684 737 1745 relativa.
1006 1734 1016 1776 3

243 1789 302 1850 Ad
330 1789 485 1851 ultimum
516 1789 589 1852 dico
621 1790 711 1870 quod
745 1789 835 1852 Deus
867 1789 980 1872 genuit
1011 1788 1140 1864 alium,·

176 1915 244 1956 non
268 1905 380 1958 tamen
403 1897 612 1958 concedenda
637 1905 685 1958 est
711 1896 769 1957 ista
794 1896 988 1977 disjunctiva
1011 1896 1140 1970 scilicet,

172 2002 283 2064 alium
308 2003 414 2064 Deum
439 2012 495 2065 aut
518 2003 623 2065 ulium
648 2024 711 2064 non
741 2003 857 2076 Deum,
881 2003 958 2085 quia
987 2003 1046 2064 ista
1076 2024 1142 2065 non

176 2119 255 2170 sunt
277 2110 543 2172 contradictoria:
567 2110 656 2172 alius
681 2109 771 2172 Deus
786 2118 819 2171 et
834 2109 923 2172 alius
948 2132 1010 2172 non
1034 2111 1142 2183 Deus,·

171 2215 234 2276 sed
259 2216 311 2276 illa
334 2201 410 2277 s'unt
433 2216 682 2278 contradictoria
697 2216 786 2278 alius
801 2217 891 2278 Deus
914 2225 946 2278 et
970 2238 1033 2278 uon
1054 2216 1143 2279 alius

177 2322 290 2394 Deus;
338 2322 410 2384 ideo
433 2331 481 2385 est
504 2322 714 2385 concedenda
730 2322 803 2384 ista:
824 2323 937 2404 genuit
953 2345 1016 2384 non
1037 2323 1142 2385 alium

177 2429 296 2490 Deum.
884 2491 887 2500 ,

252 2533 349 2610 Quod
366 2535 398 2597 si
419 2536 552 2618 objicias
574 2547 696 2607 contra,
722 2536 798 2617 quia
821 2536 863 2597 ad
892 2525 1082 2618 negativain
1103 2537 1144 2598 de

178 2642 358 2723 praedicato
373 2641 485 2724 finita,
513 2643 657 2724 sequitur
681 2643 886 2725 affirmativa
910 2643 951 2704 de
967 2642 1144 2724 praedicato

180 2748 312 2831 infinito
335 2769 411 2809 curn
435 2750 617 2811 constantia
640 2749 786 2830 subjecti,
816 2758 848 2811 et
876 2749 949 2810 ideo
978 2749 1003 2810 si
1033 2749 1145 2830 genuit

180 2877 244 2918 non
268 2855 373 2918 alium
399 2856 507 2916 Deum
537 2855 650 2938 genuit
681 2857 786 2917 alium
819 2877 881 2918 uon
914 2855 1038 2930 Deum;
1074 2857 1145 2918 dicu

176 2963 271 3044 quod
295 2963 354 3024 ista
378 2963 500 3044 regula,
518 2971 553 3024 ut
578 2963 655 3024 dicit
680 2962 899 3044 Philosophus
916 2981 944 3024 1.
963 2961 1144 3025 Perhierm.

181 3090 248 3132 non
271 3078 360 3131 tenet
382 3068 414 3130 in
438 3070 622 3150 complexis,
652 3071 739 3132 unde
762 3070 832 3131 istae
856 3069 930 3131 dure
957 3070 1147 3151 propositio-

181 3195 239 3237 nes
262 3184 338 3238 sunt
362 3175 450 3238 salsae
485 3177 526 3238 de
565 3176 686 3258 lapide;
726 3176 807 3257 lapis
845 3186 894 3237 est
932 3176 1057 3258 lignum
1104 3177 1146 3239 al·

181 3283 272 3356 bum,
297 3283 362 3344 vel:
388 3281 468 3364 lapis
491 3291 539 3345 est
563 3283 689 3364 lignum
714 3303 779 3345 non
804 3283 925 3344 albuin.
951 3283 999 3344 Ita
1023 3283 1055 3344 in
1073 3303 1145 3364 pro-

177 3389 298 3470 posito
327 3388 397 3452 istae
429 3389 504 3452 duae
535 3399 611 3453 sunt
641 3387 745 3451 falsae:
779 3390 869 3451 Deus
902 3389 1014 3471 genuit
1045 3389 1146 3451 alium

184 3495 303 3570 Deum,
328 3495 393 3558 vel:
421 3495 511 3558 Deus
535 3495 648 3578 genuit
671 3497 771 3558 alium
796 3517 862 3557 non
892 3497 1012 3558 Deum.
