2684 4209
313 283 466 335 1sr1ucr.
491 271 673 334 XXXVIII
697 255 857 352 Quasi,
873 271 903 332 II
1027 271 1089 350 385

216 476 280 542 De
294 478 486 542 seeundo
501 475 704 542 Artloaclo
723 476 842 539 scilicet
864 476 1002 558 qualiter
1022 476 1114 539 Deus

143 584 318 665 cognoscit
340 582 450 646 futura
473 583 704 666 contingentia,
728 593 778 646 est
792 583 1010 646 controversia
1031 583 1114 646 inter

151 689 321 762 Doctores,
345 700 379 752 et
401 689 578 753 summarie
601 699 677 752 sunt
699 699 839 772 quatuor
862 689 1039 771 opiniones.

221 792 306 865 Uno
321 799 379 863 est
393 792 426 863 T
421 793 544 864 homae
561 815 591 859 ι.
603 807 692 877 part.
705 819 735 878 q.
753 815 805 880 14.
822 817 853 859 a.
876 814 928 875 15.
945 817 1020 878 quae
1036 797 1116 858 dicit

144 904 238 985 quod
251 902 397 966 futurum
411 903 603 986 contingens
615 911 722 985 potest
731 903 925 966 considerari
934 903 1113 985 dupliciter:

147 1030 216 1072 uno
240 1010 340 1072 modo
364 1019 400 1072 ut
423 1010 523 1073 habet
545 1031 614 1072 esse
638 1011 673 1073 in
697 1032 740 1083 se,
757 1010 820 1072 alio
837 1010 937 1072 modo
954 1019 990 1072 ut
1014 1009 1114 1073 habet

148 1137 220 1180 esse
244 1117 279 1178 in
292 1136 353 1179 sua
366 1138 475 1179 causa.
489 1117 599 1179 Primo
619 1117 720 1179 modo
742 1137 806 1179 non
826 1125 874 1178 est
889 1115 1035 1178 futurum
1055 1137 1116 1179 nec

145 1224 351 1306 contingens
376 1225 452 1306 quia
473 1224 542 1304 jam
566 1224 819 1286 determinatum
843 1232 891 1285 est
913 1223 956 1284 ad
979 1243 1058 1295 esse,
1082 1230 1117 1285 et

146 1331 211 1393 isto
236 1331 337 1393 modo
360 1339 468 1412 potest
492 1330 603 1393 haberi
626 1330 758 1392 scientia
781 1330 822 1392 de
838 1349 877 1391 eo
900 1350 920 1392 a
943 1330 1053 1404 nobis;
1070 1350 1118 1394 se-

146 1437 259 1499 cundo
291 1438 392 1499 modo
423 1456 488 1499 non
519 1446 568 1499 est
598 1435 759 1519 possibilis
790 1437 830 1498 de
861 1435 970 1498 futuro
993 1437 1117 1499 contin·

154 1543 244 1625 genti
267 1544 399 1606 scientia
421 1565 441 1605 a
463 1544 569 1617 nobiS,
586 1544 645 1605 nisi
661 1543 950 1624 conjecturalis-
966 1542 1024 1606 Ad
1041 1564 1117 1625 pro·

150 1650 306 1732 positum,
330 1651 407 1734 quia
431 1653 522 1714 Deus
545 1650 714 1732 cognoscit
737 1649 884 1712 futurum
912 1650 1115 1732 contingens

151 1777 218 1819 non
241 1757 347 1819 solum
372 1766 408 1820 ut
431 1766 480 1819 est
503 1757 535 1819 in
559 1777 656 1819 causa
679 1777 747 1830 sua,
772 1757 829 1821 sed
851 1757 949 1818 etiam
981 1766 1017 1818 ut
1046 1756 1117 1818 exi·

149 1873 247 1936 stenS,
260 1885 304 1927 ex
319 1885 359 1927 eo
375 1865 465 1946 quod
481 1863 628 1927 futurum
641 1863 792 1926 coexistit
808 1885 893 1925 rturzc
908 1863 1114 1936 oterrn'tatis,

149 1972 225 2033 ideo
251 1970 349 2033 habet
372 1980 493 2034 certam
518 1971 684 2033 scientiam
712 1971 754 2032 de
784 1969 899 2032 futuris
929 1970 1116 2052 contingen·

149 2078 247 2140 tibus.
273 2079 318 2140 Et
341 2078 385 2141 sic
402 2087 508 2140 totum
522 2077 772 2166 fundamentum
786 2076 947 2158 opinionis
966 2077 1116 2157 estquod

149 2189 244 2250 Deus
260 2184 378 2247 habeat
393 2193 516 2246 certam
533 2185 700 2246 scientiam
717 2184 757 2245 de
773 2181 888 2245 suturis
903 2183 1117 2265 contingenti-

151 2294 224 2365 bus
241 2292 318 2374 quia
342 2312 429 2354 nunc
451 2291 641 2353 aeternitatis
664 2290 814 2352 coexistit
838 2289 896 2352 toti
920 2289 1059 2371 tempori
1084 2289 1116 2350 in

150 2420 221 2481 quo
251 2399 405 2461 eveniunt
441 2397 676 2479 contingentia,
719 2399 808 2479 quod
839 2397 1021 2459 declaratur
1044 2397 1115 2458 sic:

150 2507 251 2568 Nunc
274 2504 463 2567 aeternitatis
485 2505 615 2567 excedit
639 2524 726 2566 nunc
750 2503 920 2586 temporis;
944 2523 1023 2585 ergo
1058 2522 1117 2564 ex·

148 2613 255 2675 tendit
278 2633 312 2674 se
336 2632 422 2674 nunc
446 2611 635 2673 aeternitatis
657 2611 700 2672 ad
724 2611 913 2692 plusquam
931 2619 1116 2672 nunctem-

149 2719 249 2802 poris.
274 2718 340 2782 Sed
363 2739 429 2780 non
453 2739 487 2780 se
509 2717 657 2780 extendit
680 2718 722 2779 ad
746 2717 819 2799 plus
842 2717 901 2778 nisi
924 2717 1117 2779 extenderet

150 2846 187 2888 se
210 2826 252 2887 ad
275 2824 384 2886 futura
406 2823 645 2905 contingentia;
669 2844 750 2905 ergo
773 2824 922 2886 extendit
945 2843 978 2885 se
1002 2823 1044 2884 ad
1069 2821 1117 2884 fu-

150 2941 234 3007 tura,
259 2941 292 2994 et
314 2932 358 2994 sic
382 2926 491 2994 futura
513 2941 588 2993 sunt
613 2930 784 3012 praesentia
808 2951 894 2992 nunc
917 2929 1116 2992 aeternitatis.

225 3036 344 3102 Contra
373 3039 471 3101 istam
501 3037 682 3118 opinionem
718 3037 864 3119 arguitur
895 3036 949 3099 sic:
985 3036 1112 3108 Prono,

149 3145 289 3209 essentia
313 3145 421 3207 divina
445 3145 568 3207 ratione
591 3164 659 3206 suae
685 3143 909 3206 immensitatis
934 3163 999 3204 non
1023 3143 1118 3205 attin·

150 3253 200 3335 git
223 3253 331 3316 locum
360 3253 415 3335 qui
433 3273 498 3314 non
514 3261 572 3331 est;
588 3271 667 3333 ergo
692 3250 814 3313 ratione
838 3271 905 3313 suae
929 3248 1117 3312 aeternitatis

150 3378 219 3422 non
242 3359 373 3442 attingit
389 3370 519 3441 tempus
535 3359 625 3440 quod
641 3377 707 3420 non
723 3367 780 3420 est.
790 3394 834 3405 —
857 3356 1030 3428 Praeterea,
1059 3364 1117 3417 aut

151 3467 213 3528 ista
235 3466 447 3529 coexistentia
469 3465 547 3528 dicit
571 3464 759 3527 relationem
792 3465 919 3537 realem,
951 3471 1008 3525 aut
1038 3462 1117 3524 dicit

152 3572 341 3635 relationem
359 3571 499 3635 rationis.
518 3571 551 3634 Si
575 3571 653 3634 dicit
670 3571 858 3633 relationem
875 3570 1017 3642 rationis
1035 3579 1115 3631 tunc

150 3679 233 3743 nihil
256 3679 298 3741 ad
322 3679 536 3762 propositum.
561 3679 595 3743 Si
618 3687 729 3741 autem
754 3678 831 3740 dicit
848 3677 1034 3740 relationem
1051 3695 1117 3736 rea-

1005 3805 1033 3847 se
