2684 4209
203 258 242 321 ¹4
448 240 522 303 Lm.
547 240 561 302 1
585 239 880 305 Sununnnanun

169 445 208 509 in
232 446 306 522 ista;
330 465 410 528 ergo
441 438 532 508 Deus
562 453 611 508 est
641 444 825 527 subjectum
850 445 881 507 in
906 444 966 508 ista
994 444 1137 509 scientia.

247 548 392 639 Quarto
415 552 475 615 sic:
501 552 791 615 Honorabilissima
814 551 947 615 scientia
976 560 1026 615 est
1055 552 1140 615 circa

176 659 414 723 nobilissimum
438 679 510 735 ens;
533 680 575 720 ex
597 657 628 721 6.
660 656 809 740 Metaplz.
840 658 897 721 sed
929 657 1141 723 honorabilis-

170 767 258 830 sima
289 766 423 828 scientia
452 774 501 829 est
531 764 722 847 Theologia,
753 774 786 828 et
816 764 1053 828 nobilissimum
1084 786 1142 830 ens

170 882 225 936 cst
251 874 355 949 Deus;
372 893 452 955 ergo
467 882 528 937 etc.

249 1068 473 1155 Quantum
497 1070 561 1137 ad
572 1070 751 1140 ternum
769 1069 1031 1153 Articulum,
1056 1090 1139 1152 prae-

178 1177 272 1239 mitto
296 1197 399 1239 unum
422 1177 624 1259 exemplum,
648 1177 768 1239 seilicet
789 1177 879 1259 quod
904 1177 1005 1239 homo
1032 1185 1141 1259 potest

170 1284 330 1366 cognosci
358 1283 621 1365 quadrupliciter.
652 1284 777 1358 Primo,
808 1284 1003 1365 inquantum
1034 1293 1083 1347 est
1105 1304 1140 1346 a·

172 1390 275 1452 nimai
300 1390 465 1464 rationale,
489 1399 522 1452 et
545 1390 616 1453 haec
646 1398 697 1452 est
727 1390 871 1472 cognitio
900 1390 1137 1473 quiddz'tativa.

178 1494 333 1571 Secundo,
358 1497 552 1579 inquantum
576 1506 625 1559 est
647 1496 838 1571 substantia,
863 1506 895 1559 et
918 1496 990 1559 haec
1012 1506 1062 1560 est
1084 1519 1140 1561 co·

171 1603 279 1685 ¹gnitio
303 1604 339 1665 in
362 1604 534 1667 communi.
570 1602 684 1676 Tertio,
715 1603 910 1684 inquantum
941 1612 990 1667 est
1019 1604 1138 1667 animal

178 1720 395 1785 mansuetum,
419 1719 451 1774 et
468 1710 539 1773 haec
554 1719 603 1773 est
618 1709 763 1792 cognitio
773 1720 835 1791 per
854 1711 1010 1773 accidens.
1032 1709 1139 1787 Quar-

175 1826 216 1889 to,
245 1817 439 1897 inquantum
462 1827 511 1881 est
533 1816 652 1881 animal
678 1816 923 1890 nobilissimum,
947 1826 980 1880 et
1004 1816 1075 1880 haec
1090 1827 1139 1880 est

170 1923 320 2005 cognitio
344 1923 528 2006 respectiva.
542 1923 639 1987 -Istis
654 1934 796 2006 quatuor
816 1924 920 1986 enodis
936 1932 1043 2006 potest
1058 1925 1137 2006 poni

175 2030 266 2111 quod
299 2030 389 2093 Deus
412 2040 638 2114 cognoscatur.
675 2032 721 2094 Et
743 2031 788 2094 sic
803 2030 888 2093 circa
910 2030 974 2094 hoc
997 2039 1139 2112 quatuor

175 2137 342 2199 variantur
365 2137 541 2219 opiniones:

249 2237 335 2311 Una
359 2243 436 2306 dicit
458 2244 548 2326 quod
573 2244 663 2307 Deus
686 2252 735 2308 est
757 2243 941 2325 subjectum
966 2244 998 2307 in
1029 2244 1138 2307 Theo-

174 2350 261 2431 logia
284 2350 345 2412 sub
369 2350 493 2413 ratione
515 2350 688 2425 communi,
711 2359 793 2433 puta
815 2350 877 2413 sub
901 2351 1024 2414 ratione
1054 2352 1137 2414 entis

174 2454 299 2530 infiniti,
330 2466 363 2519 et
394 2456 465 2520 haec
495 2466 544 2521 est
567 2458 678 2541 opinio
703 2456 832 2521 Henrici
857 2457 892 2520 in
918 2456 1067 2521 Summa.
1091 2493 1136 2506 -

100 2640 107 2655 ι
178 2557 316 2629 Contra
358 2563 455 2626 istam
498 2564 684 2647 opinionem
727 2564 874 2647 arguitur
919 2564 978 2626 sic:
1019 2565 1138 2627 Potens

168 2689 374 2751 cognoscere
389 2671 532 2751 primum
549 2671 732 2752 subjectum
756 2669 891 2751 alicujus
911 2671 1053 2733 scientia
1076 2671 1138 2734 sub

176 2777 300 2838 ratione
323 2776 376 2838 illa
399 2797 465 2858 qua
480 2787 528 2840 est
544 2778 727 2859 subjectum
744 2778 775 2840 in
793 2777 845 2840 illa
868 2778 1009 2852 scientia,
1032 2787 1138 2860 potest

177 2902 374 2964 cognoscere
406 2892 510 2945 totam
542 2884 628 2947 illam
660 2884 841 2947 scientiam:
872 2885 932 2947 ista
955 2894 1069 2967 patent
1095 2906 1137 2948 ex

171 2990 269 3051 turtio
281 2991 483 3069 praeambulo
493 2992 601 3072 primi
614 2991 771 3063 articuli,·
787 2991 843 3053 sed
865 2993 1051 3054 naturaliter
1067 3013 1137 3074 pos-

175 3114 288 3157 sumus
311 3117 508 3179 cognoscere
532 3098 640 3160 Deum
664 3098 725 3159 sub
748 3097 872 3160 ratione
887 3099 1054 3161 communi
1071 3099 1139 3162 sive

172 3202 256 3263 entis
295 3202 424 3276 infiniti;
464 3226 543 3288 ergo
581 3204 767 3267 naturaliter
805 3223 978 3285 possumus
1012 3226 1137 3288 cogno-

123 3300 131 3318 ’
168 3328 263 3370 scere
285 3320 391 3372 totam
415 3312 640 3394 Theologiam‚
664 3310 754 3393 quod
770 3319 818 3372 est
834 3309 961 3373 salsum.

243 3412 334 3482 Alia
346 3417 541 3504 estopz'nz'o
563 3415 748 3486 Varronis
761 3417 816 3481 lib.
834 3437 863 3481 ι.
877 3420 966 3500 quod
983 3420 1073 3482 Deus
1089 3432 1137 3482 est

175 3521 365 3603 subjectum
382 3525 413 3587 in
426 3526 607 3608 Theologia
619 3525 680 3588 sub
696 3525 821 3587 ratione
832 3547 897 3607 qua
913 3526 1021 3589 bonus.
1037 3526 1138 3607 Quod

177 3628 309 3709 probat:
