2684 4209
187 270 232 317 r2
463 254 537 317 Lm.
562 255 577 317 Ι
600 254 896 319 Snurnumnuu

236 459 427 542 QUANTUM
462 474 514 524 AD
546 473 692 523 PRIMUM
722 469 799 522 sunt
821 458 882 522 tria
903 458 1130 523 Proeambula:

154 565 351 641 Primum,
376 568 467 649 quod
490 566 673 649 Theologia
688 568 827 630 sumitur
850 567 980 630 duobus
1004 568 1123 631 modis:

154 673 240 756 «quia
263 682 312 737 est
335 673 516 755 Theologia
540 674 576 735 in
597 694 631 736 se
653 683 686 736 et
709 672 890 756 Theologia
913 672 945 737 in
963 673 1062 736 nobee.
1084 674 1130 737 Et

156 800 248 843 voco
278 779 494 863 Theologiam
527 780 563 843 in
593 801 626 843 sc
656 780 878 863 cognitionem
910 780 997 843 illam
1025 800 1128 862 quam

154 897 240 949 nata
263 896 312 950 est
335 884 439 949 facere
462 886 629 969 objectum
653 887 877 969 theologicum
901 887 932 948 in
966 887 1129 949 intellectu

156 994 224 1055 sibi
250 995 505 1076 proportionat0,
531 995 613 1056 sicut
643 994 823 1055 intellectus
853 993 991 1055 divinus,
1023 992 1130 1056 Theo-

160 1100 253 1183 logia
276 1109 386 1163 autern
418 1101 449 1163 in
483 1100 572 1163 nobis
602 1109 650 1163 est
675 1101 718 1162 rei
750 1100 893 1183 cognitio
924 1100 1055 1182 qualern
1083 1101 1130 1163 in-

156 1207 312 1269 tellectus
335 1216 444 1269 noster
468 1216 563 1270 natus
586 1217 635 1269 est
660 1207 778 1269 habere
801 1207 843 1269 de
866 1207 920 1269 illo
944 1206 1083 1289 objecto.

234 1308 451 1381 Secundmn
477 1310 759 1398 praeambulum
790 1322 838 1376 est
868 1314 958 1395 quod
988 1313 1130 1377 Theolo-

157 1421 218 1502 gia
243 1421 278 1482 in
301 1440 333 1481 se
356 1419 565 1503 distinguitur
589 1421 620 1483 in
645 1420 846 1502 theologiam
864 1422 1125 1495 necessariorum,

155 1526 349 1607 «cujusmodi
373 1537 449 1590 sunt
473 1530 626 1590 veritates
656 1528 704 1589 ad
732 1528 832 1601 intra,
866 1536 915 1589 ut:
951 1528 1042 1590 Deus
1073 1549 1129 1611 ge·
1203 1532 1210 1541 '

157 1643 269 1707 neren
294 1643 327 1696 et
351 1634 381 1695 in
405 1634 605 1716 theologiam
637 1635 905 1717 contingentium,
938 1633 1021 1696 sicut
1051 1644 1128 1697 sunt

157 1740 317 1803 veritates
342 1741 390 1803 ad
409 1751 513 1813 extra,
538 1749 589 1803 ut:
615 1740 706 1803 Deus
729 1752 816 1804 creat
840 1741 1012 1803 mundum.

238 1842 403 1913 strtz'um
424 1842 707 1932 prceambulum
738 1857 787 1910 est
817 1848 907 1929 quod
938 1848 1127 1929 primarium

158 1952 351 2033 subjectum
365 1953 500 2034 alicujus
514 1953 642 2016 habitus
659 1954 803 2017 continet
816 1954 1006 2017 virtualiter
1016 1974 1131 2017 omnes

156 2059 314 2121 veritates
337 2060 419 2122 illius
444 2060 581 2122 habitus¹
611 2060 788 2123 Probatur:
815 2061 976 2123 Veritates
991 2060 1128 2141 alicujus

165 2164 294 2227 habitus
319 2166 468 2229 mediata*
492 2167 678 2249 dependent
693 2188 736 2229 ex
752 2168 941 2230 veritatibus
957 2168 1126 2231 irnmedia-

157 2272 228 2344 ru,-
254 2273 310 2335 setl
334 2273 477 2354 primum
502 2274 689 2354 subjectum
714 2274 845 2336 habitus
875 2274 1020 2337 continet
1049 2274 1131 2336 veri-

157 2388 247 2441 tates
278 2377 496 2453 immediatas;
533 2402 613 2462 ergo
652 2382 797 2444 continet
828 2401 943 2443 omnes
978 2381 1130 2443 veritates
1167 2450 1172 2460 Ι

161 2484 306 2560 habitus,
330 2486 407 2567 quia
430 2486 461 2548 in
487 2486 617 2549 scientia
642 2508 708 2550 non
732 2498 807 2550 sunt
824 2488 883 2549 nisi
899 2488 1050 2550 veritates
1067 2508 1132 2549 me-

167 2592 265 2654 rliatae
288 2593 339 2654 vel
364 2593 571 2663 immediatae.
605 2594 758 2657 Probatio
790 2595 940 2657 minoris:
973 2594 1049 2676 quia
1077 2615 1132 2655 ve·

159 2699 275 2761 ritates
305 2698 503 2761 immediatae
535 2699 721 2782 dependent
743 2722 787 2763 ex
816 2701 962 2785 subjecte,
994 2710 1027 2763 et
1058 2722 1130 2782 pro

163 2805 236 2886 pria
253 2806 405 2886 passione
427 2826 502 2887 quae
527 2806 626 2869 oritur
650 2828 693 2869 ex
717 2808 855 2890 propriis
886 2808 1050 2890 principiis
1081 2828 1131 2870 su-

168 2911 273 2991 bjeeti.
288 2912 491 2974 -Praeterem
525 2933 621 2975 causa
656 2915 830 2996 adaequata
865 2914 1009 2976 continet
1039 2914 1132 2977 effec-

160 3027 238 3080 tum
255 3018 441 3100 adaequate3
459 3020 515 3081 sed
533 3020 700 3100 objectum
716 3030 765 3083 est
781 3041 878 3083 causa
895 3020 1024 3083 habitus
1048 3021 1133 3083 adae-

161 3135 283 3207 quata;
308 3145 387 3207 ergo
411 3125 554 3188 continet
571 3126 678 3207 ipsum
695 3128 881 3208 adaequate:
899 3128 955 3190 sed
972 3148 1037 3190 non
1059 3148 1134 3190 con-

167 3232 283 3293 tineret
314 3231 421 3313 ipsum
453 3234 626 3314 adaequate
656 3234 772 3296 sinon
804 3235 996 3296 extenderet
1026 3256 1060 3297 se
1090 3236 1133 3296 ad

161 3358 282 3399 onmes
313 3339 463 3413 veritates
497 3340 582 3420 ejus;
614 3361 694 3421 ergo
732 3350 793 3402 etc.
811 3378 824 3387 -
848 3336 926 3407 Sed
956 3337 1134 3427 objiceres

169 3445 226 3505 sic:
253 3444 344 3507 Sicut
360 3445 526 3526 objectum
543 3446 584 3507 ad
601 3448 791 3527 potentiam,
817 3448 860 3509 ita
883 3448 1066 3528 subjectum
1091 3448 1133 3509 ad

162 3548 333 3629 lrabitum3
357 3552 413 3614 sed
437 3552 602 3632 objectum
627 3574 693 3615 non
710 3554 853 3616 continet
868 3554 1044 3616 virtualiter
1060 3574 1133 3616 orn-

164 3656 221 3717 ·nia
245 3657 515 3739 apprehensibilia
538 3660 579 3721 ab
611 3660 663 3722 illa
695 3661 853 3741 potentia;
885 3681 964 3742 ergo
989 3681 1048 3723 nec
1079 3682 1133 3722 su-
