<?xml version="1.0" encoding="UTF-8"?>
<!DOCTYPE html PUBLIC "-//W3C//DTD XHTML 1.0 Transitional//EN"
    "http://www.w3.org/TR/xhtml1/DTD/xhtml1-transitional.dtd">
<html xmlns="http://www.w3.org/1999/xhtml" xml:lang="en" lang="en">
 <head>
  <title>
</title>
<meta http-equiv="Content-Type" content="text/html;charset=utf-8" />
  <meta name='ocr-system' content='tesseract 3.04.00' />
  <meta name='ocr-capabilities' content='ocr_page ocr_carea ocr_par ocr_line ocrx_word'/>
</head>
<body>
  <div class='ocr_page' id='page_1' title='image "./commentariainli01scotgoog_0157.png"; bbox 0 0 2684 4209; ppageno 0'>
   <div class='ocr_carea' id='block_1_1' title="bbox 398 231 1113 314">
    <p class='ocr_par' dir='ltr' id='par_1_1' title="bbox 398 231 1113 314">
     <span class='ocr_line' id='line_1_1' title="bbox 398 231 1113 314; baseline 0.006 -20"><span class='ocrx_word' id='word_1_1' title='bbox 398 231 585 296; x_wconf 77' lang='lat' dir='ltr'>DisT1NcT.</span> <span class='ocrx_word' id='word_1_2' title='bbox 611 231 659 296; x_wconf 89' lang='lat' dir='ltr'>VI</span> <span class='ocrx_word' id='word_1_3' title='bbox 685 232 833 314; x_wconf 78' lang='lat' dir='ltr'><strong>QUAEST.</strong></span> <span class='ocrx_word' id='word_1_4' title='bbox 857 234 872 296; x_wconf 92' lang='grc' dir='ltr'>Ι</span> <span class='ocrx_word' id='word_1_5' title='bbox 1056 252 1113 313; x_wconf 83' lang='lat'>141</span> 
     </span>
    </p>
   </div>
   <div class='ocr_carea' id='block_1_2' title="bbox 173 438 1150 2554">
    <p class='ocr_par' dir='ltr' id='par_1_2' title="bbox 173 438 1145 1253">
     <span class='ocr_line' id='line_1_2' title="bbox 238 438 1138 522; baseline 0 -21"><span class='ocrx_word' id='word_1_6' title='bbox 238 438 301 501; x_wconf 81' lang='lat' dir='ltr'>AD</span> <span class='ocrx_word' id='word_1_7' title='bbox 326 452 478 502; x_wconf 77' lang='lat' dir='ltr'>PR1MUM</span> <span class='ocrx_word' id='word_1_8' title='bbox 503 452 720 502; x_wconf 65' lang='lat' dir='ltr'>mmmmm</span> <span class='ocrx_word' id='word_1_9' title='bbox 744 449 852 520; x_wconf 89' lang='lat' dir='ltr'><strong>potest</strong></span> <span class='ocrx_word' id='word_1_10' title='bbox 875 439 936 501; x_wconf 90' lang='lat' dir='ltr'>dici</span> <span class='ocrx_word' id='word_1_11' title='bbox 961 439 1052 522; x_wconf 88' lang='lat' dir='ltr'>quod</span> <span class='ocrx_word' id='word_1_12' title='bbox 1082 441 1138 502; x_wconf 91' lang='lat' dir='ltr'>Ri-</span> 
     </span>
     <span class='ocr_line' id='line_1_3' title="bbox 173 544 1134 628; baseline 0.003 -21"><span class='ocrx_word' id='word_1_13' title='bbox 173 544 316 608; x_wconf 87' lang='lat' dir='ltr'>chardus</span> <span class='ocrx_word' id='word_1_14' title='bbox 338 546 487 628; x_wconf 88' lang='lat' dir='ltr'>intelligit</span> <span class='ocrx_word' id='word_1_15' title='bbox 514 546 594 608; x_wconf 84' lang='lat' dir='ltr'>illud</span> <span class='ocrx_word' id='word_1_16' title='bbox 625 546 666 608; x_wconf 85' lang='lat' dir='ltr'>de</span> <span class='ocrx_word' id='word_1_17' title='bbox 697 545 862 609; x_wconf 82' lang='lat' dir='ltr'><em>voluntate</em></span> <span class='ocrx_word' id='word_1_18' title='bbox 891 547 1134 610; x_wconf 83' lang='lat' dir='ltr'><em>concomitante.</em></span> 
     </span>
     <span class='ocr_line' id='line_1_4' title="bbox 174 652 1142 735; baseline 0.004 -22"><span class='ocrx_word' id='word_1_19' title='bbox 174 652 251 714; x_wconf 83' lang='lat' dir='ltr'>Alio</span> <span class='ocrx_word' id='word_1_20' title='bbox 276 654 371 716; x_wconf 85' lang='lat' dir='ltr'><em>modo</em></span> <span class='ocrx_word' id='word_1_21' title='bbox 394 653 510 716; x_wconf 90' lang='lat' dir='ltr'>dicitur</span> <span class='ocrx_word' id='word_1_22' title='bbox 534 653 687 735; x_wconf 84' lang='lat' dir='ltr'>negando</span> <span class='ocrx_word' id='word_1_23' title='bbox 710 652 875 727; x_wconf 86' lang='lat' dir='ltr'>Richard.,</span> <span class='ocrx_word' id='word_1_24' title='bbox 899 653 976 735; x_wconf 85' lang='lat' dir='ltr'>quia</span> <span class='ocrx_word' id='word_1_25' title='bbox 999 654 1026 716; x_wconf 85' lang='lat' dir='ltr'>si</span> <span class='ocrx_word' id='word_1_26' title='bbox 1057 653 1142 716; x_wconf 84' lang='lat' dir='ltr'>iliud</span> 
     </span>
     <span class='ocr_line' id='line_1_5' title="bbox 176 759 1140 842; baseline 0.002 -22"><span class='ocrx_word' id='word_1_27' title='bbox 176 759 253 826; x_wconf 89' lang='lat' dir='ltr'>dicit</span> <span class='ocrx_word' id='word_1_28' title='bbox 277 760 469 834; x_wconf 75' lang='lat' dir='ltr'>RicharduS,</span> <span class='ocrx_word' id='word_1_29' title='bbox 494 760 684 842; x_wconf 87' lang='lat' dir='ltr'>oppositum</span> <span class='ocrx_word' id='word_1_30' title='bbox 707 769 818 822; x_wconf 83' lang='lat' dir='ltr'><strong>tamen</strong></span> <span class='ocrx_word' id='word_1_31' title='bbox 842 760 970 823; x_wconf 86' lang='lat' dir='ltr'>videtur</span> <span class='ocrx_word' id='word_1_32' title='bbox 1002 761 1041 822; x_wconf 91' lang='grc' dir='ltr'>Β.</span> <span class='ocrx_word' id='word_1_33' title='bbox 1064 760 1140 823; x_wconf 85' lang='lat' dir='ltr'>Au-</span> 
     </span>
     <span class='ocr_line' id='line_1_6' title="bbox 175 866 1136 954; baseline -0.004 -22"><span class='ocrx_word' id='word_1_34' title='bbox 175 870 317 954; x_wconf 86' lang='lat' dir='ltr'>gustin0,</span> <span class='ocrx_word' id='word_1_35' title='bbox 342 866 393 930; x_wconf 90' lang='lat' dir='ltr'>cui</span> <span class='ocrx_word' id='word_1_36' title='bbox 416 876 465 930; x_wconf 84' lang='lat' dir='ltr'>est</span> <span class='ocrx_word' id='word_1_37' title='bbox 489 867 594 949; x_wconf 87' lang='lat' dir='ltr'>magis</span> <span class='ocrx_word' id='word_1_38' title='bbox 616 867 869 930; x_wconf 85' lang='lat' dir='ltr'>assentiendum.</span> <span class='ocrx_word' id='word_1_39' title='bbox 893 867 983 930; x_wconf 90' lang='lat' dir='ltr'>Dicit</span> <span class='ocrx_word' id='word_1_40' title='bbox 998 867 1086 929; x_wconf 89' lang='lat' dir='ltr'>enim</span> <span class='ocrx_word' id='word_1_41' title='bbox 1100 885 1136 946; x_wconf 73' lang='lat'>5.</span> 
     </span>
     <span class='ocr_line' id='line_1_7' title="bbox 175 973 1140 1056; baseline -0.005 -16"><span class='ocrx_word' id='word_1_42' title='bbox 175 978 215 1040; x_wconf 83' lang='lat' dir='ltr'>de</span> <span class='ocrx_word' id='word_1_43' title='bbox 243 975 334 1039; x_wconf 86' lang='lat' dir='ltr'><em>Trin.</em></span> <span class='ocrx_word' id='word_1_44' title='bbox 358 973 449 1056; x_wconf 91' lang='lat' dir='ltr'>quod</span> <span class='ocrx_word' id='word_1_45' title='bbox 473 973 573 1036; x_wconf 87' lang='lat' dir='ltr'>Filius</span> <span class='ocrx_word' id='word_1_46' title='bbox 597 973 744 1055; x_wconf 86' lang='lat' dir='ltr'>procedit</span> <span class='ocrx_word' id='word_1_47' title='bbox 760 974 930 1056; x_wconf 89' lang='lat' dir='ltr'>quomodo</span> <span class='ocrx_word' id='word_1_48' title='bbox 946 983 1054 1048; x_wconf 80' lang='lat' dir='ltr'><em>natus,</em></span> <span class='ocrx_word' id='word_1_49' title='bbox 1070 994 1140 1036; x_wconf 86' lang='lat' dir='ltr'>non</span> 
     </span>
     <span class='ocr_line' id='line_1_8' title="bbox 176 1079 1145 1166; baseline -0.003 -20"><span class='ocrx_word' id='word_1_50' title='bbox 176 1082 347 1166; x_wconf 89' lang='lat' dir='ltr'>quomodo</span> <span class='ocrx_word' id='word_1_51' title='bbox 368 1082 477 1153; x_wconf 86' lang='lat' dir='ltr'><em>datus,</em></span> <span class='ocrx_word' id='word_1_52' title='bbox 509 1079 601 1155; x_wconf 89' lang='lat' dir='ltr'>idest,</span> <span class='ocrx_word' id='word_1_53' title='bbox 633 1101 700 1143; x_wconf 89' lang='lat' dir='ltr'>non</span> <span class='ocrx_word' id='word_1_54' title='bbox 730 1101 788 1162; x_wconf 87' lang='lat' dir='ltr'>per</span> <span class='ocrx_word' id='word_1_55' title='bbox 819 1089 931 1143; x_wconf 87' lang='lat' dir='ltr'>actum</span> <span class='ocrx_word' id='word_1_56' title='bbox 964 1079 1145 1143; x_wconf 83' lang='lat' dir='ltr'>voluntatis</span> 
     </span>
     <span class='ocr_line' id='line_1_9' title="bbox 177 1188 514 1253; baseline -0.012 0"><span class='ocrx_word' id='word_1_57' title='bbox 177 1190 229 1253; x_wconf 89' lang='lat' dir='ltr'>cui</span> <span class='ocrx_word' id='word_1_58' title='bbox 253 1188 405 1252; x_wconf 90' lang='lat' dir='ltr'>convenit</span> <span class='ocrx_word' id='word_1_59' title='bbox 428 1188 514 1250; x_wconf 87' lang='lat' dir='ltr'>dare.</span> 
     </span>
    </p>

    <p class='ocr_par' dir='ltr' id='par_1_3' title="bbox 177 1272 1147 2018">
     <span class='ocr_line' id='line_1_10' title="bbox 245 1272 1141 1375; baseline -0.002 -17"><span class='ocrx_word' id='word_1_60' title='bbox 245 1297 304 1358; x_wconf 79' lang='lat' dir='ltr'>Ad</span> <span class='ocrx_word' id='word_1_61' title='bbox 322 1295 496 1358; x_wconf 83' lang='lat' dir='ltr'><em>secundum</em></span> <span class='ocrx_word' id='word_1_62' title='bbox 521 1294 562 1355; x_wconf 90' lang='lat' dir='ltr'>de</span> <span class='ocrx_word' id='word_1_63' title='bbox 584 1293 705 1356; x_wconf 82' lang='lat' dir='ltr'>invidia</span> <span class='ocrx_word' id='word_1_64' title='bbox 728 1272 802 1356; x_wconf 69' lang='lat' dir='ltr'>di&#39;c&#39;o</span> <span class='ocrx_word' id='word_1_65' title='bbox 824 1295 915 1375; x_wconf 89' lang='lat' dir='ltr'>quod</span> <span class='ocrx_word' id='word_1_66' title='bbox 943 1314 1010 1356; x_wconf 86' lang='lat' dir='ltr'>non</span> <span class='ocrx_word' id='word_1_67' title='bbox 1042 1294 1141 1368; x_wconf 81' lang='lat' dir='ltr'>valet,</span> 
     </span>
     <span class='ocr_line' id='line_1_11' title="bbox 177 1400 1141 1485; baseline -0.003 -20"><span class='ocrx_word' id='word_1_68' title='bbox 177 1404 255 1485; x_wconf 88' lang='lat' dir='ltr'>quia</span> <span class='ocrx_word' id='word_1_69' title='bbox 285 1401 417 1464; x_wconf 81' lang='lat' dir='ltr'>invidia</span> <span class='ocrx_word' id='word_1_70' title='bbox 447 1410 496 1463; x_wconf 87' lang='lat' dir='ltr'>est</span> <span class='ocrx_word' id='word_1_71' title='bbox 527 1421 592 1463; x_wconf 88' lang='lat' dir='ltr'>non</span> <span class='ocrx_word' id='word_1_72' title='bbox 627 1408 758 1462; x_wconf 86' lang='lat' dir='ltr'><strong>tantum</strong></span> <span class='ocrx_word' id='word_1_73' title='bbox 793 1400 1017 1463; x_wconf 87' lang='lat' dir='ltr'>subtrahendo</span> <span class='ocrx_word' id='word_1_74' title='bbox 1051 1401 1141 1463; x_wconf 84' lang='lat' dir='ltr'>bona</span> 
     </span>
     <span class='ocr_line' id='line_1_12' title="bbox 178 1506 1145 1592; baseline -0.002 -20"><span class='ocrx_word' id='word_1_75' title='bbox 178 1531 255 1592; x_wconf 84' lang='lat' dir='ltr'>quae</span> <span class='ocrx_word' id='word_1_76' title='bbox 278 1517 410 1591; x_wconf 87' lang='lat' dir='ltr'>possent</span> <span class='ocrx_word' id='word_1_77' title='bbox 440 1507 675 1570; x_wconf 86' lang='lat' dir='ltr'>communicari</span> <span class='ocrx_word' id='word_1_78' title='bbox 705 1507 792 1570; x_wconf 84' lang='lat' dir='ltr'>actui</span> <span class='ocrx_word' id='word_1_79' title='bbox 823 1506 999 1569; x_wconf 87' lang='lat' dir='ltr'>voluntatis</span> <span class='ocrx_word' id='word_1_80' title='bbox 1029 1507 1145 1570; x_wconf 87' lang='lat' dir='ltr'>imme-</span> 
     </span>
     <span class='ocr_line' id='line_1_13' title="bbox 179 1614 1147 1696; baseline -0.003 -17"><span class='ocrx_word' id='word_1_81' title='bbox 179 1617 275 1691; x_wconf 84' lang='lat' dir='ltr'>diate,</span> <span class='ocrx_word' id='word_1_82' title='bbox 299 1614 356 1678; x_wconf 87' lang='lat' dir='ltr'>sed</span> <span class='ocrx_word' id='word_1_83' title='bbox 378 1615 476 1678; x_wconf 88' lang='lat' dir='ltr'>etiam</span> <span class='ocrx_word' id='word_1_84' title='bbox 500 1622 647 1696; x_wconf 84' lang='lat' dir='ltr'>respectu</span> <span class='ocrx_word' id='word_1_85' title='bbox 671 1633 958 1695; x_wconf 88' lang='lat' dir='ltr'>quorumcumque</span> <span class='ocrx_word' id='word_1_86' title='bbox 978 1633 1056 1695; x_wconf 86' lang='lat' dir='ltr'>quae</span> <span class='ocrx_word' id='word_1_87' title='bbox 1087 1633 1147 1676; x_wconf 81' lang='lat' dir='ltr'>vo-</span> 
     </span>
     <span class='ocr_line' id='line_1_14' title="bbox 180 1720 1137 1804; baseline -0.001 -17"><span class='ocrx_word' id='word_1_88' title='bbox 180 1725 288 1787; x_wconf 84' lang='lat' dir='ltr'><strong>luntas</strong></span> <span class='ocrx_word' id='word_1_89' title='bbox 318 1731 426 1804; x_wconf 88' lang='lat' dir='ltr'>potest</span> <span class='ocrx_word' id='word_1_90' title='bbox 459 1721 702 1784; x_wconf 82' lang='lat' dir='ltr'>communicare</span> <span class='ocrx_word' id='word_1_91' title='bbox 736 1729 769 1783; x_wconf 85' lang='lat' dir='ltr'>et</span> <span class='ocrx_word' id='word_1_92' title='bbox 802 1741 868 1783; x_wconf 90' lang='lat' dir='ltr'>non</span> <span class='ocrx_word' id='word_1_93' title='bbox 902 1720 1137 1786; x_wconf 86' lang='lat' dir='ltr'><strong>communicat.</strong></span> 
     </span>
     <span class='ocr_line' id='line_1_15' title="bbox 180 1827 1147 1911; baseline -0.004 -17"><span class='ocrx_word' id='word_1_94' title='bbox 180 1832 277 1894; x_wconf 87' lang='lat' dir='ltr'>Nunc</span> <span class='ocrx_word' id='word_1_95' title='bbox 300 1838 410 1893; x_wconf 84' lang='lat' dir='ltr'>autem</span> <span class='ocrx_word' id='word_1_96' title='bbox 434 1829 528 1891; x_wconf 86' lang='lat' dir='ltr'>Pater</span> <span class='ocrx_word' id='word_1_97' title='bbox 552 1837 686 1911; x_wconf 85' lang='lat' dir='ltr'><strong>generat</strong></span> <span class='ocrx_word' id='word_1_98' title='bbox 708 1828 831 1902; x_wconf 75' lang='lat' dir='ltr'>volenS,</span> <span class='ocrx_word' id='word_1_99' title='bbox 855 1827 912 1890; x_wconf 84' lang='lat' dir='ltr'>sed</span> <span class='ocrx_word' id='word_1_100' title='bbox 936 1847 1002 1889; x_wconf 86' lang='lat' dir='ltr'>non</span> <span class='ocrx_word' id='word_1_101' title='bbox 1026 1828 1147 1890; x_wconf 88' lang='lat' dir='ltr'>volun-</span> 
     </span>
     <span class='ocr_line' id='line_1_16' title="bbox 181 1933 1143 2018; baseline -0.005 -17"><span class='ocrx_word' id='word_1_102' title='bbox 181 1947 248 2001; x_wconf 82' lang='lat' dir='ltr'><strong>tate</strong></span> <span class='ocrx_word' id='word_1_103' title='bbox 271 1937 304 2000; x_wconf 92' lang='lat' dir='ltr'>in</span> <span class='ocrx_word' id='word_1_104' title='bbox 327 1937 451 2000; x_wconf 86' lang='lat' dir='ltr'>ratione</span> <span class='ocrx_word' id='word_1_105' title='bbox 467 1933 631 2018; x_wconf 76' lang='lat' dir='ltr'>principii</span> <span class='ocrx_word' id='word_1_106' title='bbox 643 1933 792 2007; x_wconf 80' lang='lat' dir='ltr'>elicitivi,</span> <span class='ocrx_word' id='word_1_107' title='bbox 810 1943 847 1997; x_wconf 89' lang='lat' dir='ltr'>ut</span> <span class='ocrx_word' id='word_1_108' title='bbox 862 1941 952 2016; x_wconf 87' lang='lat' dir='ltr'><strong>patet</strong></span> <span class='ocrx_word' id='word_1_109' title='bbox 967 1933 1001 1996; x_wconf 92' lang='lat' dir='ltr'>in</span> <span class='ocrx_word' id='word_1_110' title='bbox 1016 1953 1048 1996; x_wconf 91' lang='lat'>2.</span> <span class='ocrx_word' id='word_1_111' title='bbox 1064 1935 1143 1997; x_wconf 83' lang='lat' dir='ltr'><em>Art.</em></span> 
     </span>
    </p>

    <p class='ocr_par' dir='ltr' id='par_1_4' title="bbox 181 2040 1150 2554">
     <span class='ocr_line' id='line_1_17' title="bbox 248 2040 1140 2123; baseline -0.001 -17"><span class='ocrx_word' id='word_1_112' title='bbox 248 2044 308 2107; x_wconf 86' lang='lat' dir='ltr'>Ad</span> <span class='ocrx_word' id='word_1_113' title='bbox 327 2044 469 2116; x_wconf 82' lang='lat' dir='ltr'>tertium,</span> <span class='ocrx_word' id='word_1_114' title='bbox 497 2041 643 2106; x_wconf 89' lang='lat' dir='ltr'>concedo</span> <span class='ocrx_word' id='word_1_115' title='bbox 665 2042 756 2123; x_wconf 89' lang='lat' dir='ltr'>quod</span> <span class='ocrx_word' id='word_1_116' title='bbox 780 2041 945 2123; x_wconf 86' lang='lat' dir='ltr'>generatio</span> <span class='ocrx_word' id='word_1_117' title='bbox 970 2040 1041 2102; x_wconf 87' lang='lat' dir='ltr'>Filii</span> <span class='ocrx_word' id='word_1_118' title='bbox 1073 2062 1140 2105; x_wconf 87' lang='lat' dir='ltr'>non</span> 
     </span>
     <span class='ocr_line' id='line_1_18' title="bbox 183 2148 1145 2230; baseline -0.005 -16"><span class='ocrx_word' id='word_1_119' title='bbox 183 2152 224 2215; x_wconf 86' lang='lat' dir='ltr'>sit</span> <span class='ocrx_word' id='word_1_120' title='bbox 251 2149 489 2223; x_wconf 81' lang='lat' dir='ltr'>involuntaria,</span> <span class='ocrx_word' id='word_1_121' title='bbox 525 2149 581 2212; x_wconf 89' lang='lat' dir='ltr'>sed</span> <span class='ocrx_word' id='word_1_122' title='bbox 612 2169 655 2211; x_wconf 88' lang='lat' dir='ltr'>ex</span> <span class='ocrx_word' id='word_1_123' title='bbox 687 2148 750 2210; x_wconf 88' lang='lat' dir='ltr'>hoc</span> <span class='ocrx_word' id='word_1_124' title='bbox 781 2169 846 2210; x_wconf 86' lang='lat' dir='ltr'>non</span> <span class='ocrx_word' id='word_1_125' title='bbox 877 2148 1022 2230; x_wconf 86' lang='lat' dir='ltr'>sequitur</span> <span class='ocrx_word' id='word_1_126' title='bbox 1053 2149 1145 2229; x_wconf 89' lang='lat' dir='ltr'>quod</span> 
     </span>
     <span class='ocr_line' id='line_1_19' title="bbox 183 2253 1142 2340; baseline -0.004 -20"><span class='ocrx_word' id='word_1_127' title='bbox 183 2259 350 2320; x_wconf 80' lang='lat' dir='ltr'><em>voluntate</em></span> <span class='ocrx_word' id='word_1_128' title='bbox 372 2265 514 2340; x_wconf 84' lang='lat' dir='ltr'><strong>generat.</strong></span> <span class='ocrx_word' id='word_1_129' title='bbox 547 2255 653 2318; x_wconf 82' lang='lat' dir='ltr'>Multa</span> <span class='ocrx_word' id='word_1_130' title='bbox 683 2254 770 2317; x_wconf 86' lang='lat' dir='ltr'>enim</span> <span class='ocrx_word' id='word_1_131' title='bbox 801 2253 938 2318; x_wconf 82' lang='lat' dir='ltr'>iacimus</span> <span class='ocrx_word' id='word_1_132' title='bbox 968 2275 1044 2337; x_wconf 84' lang='lat' dir='ltr'>quae</span> <span class='ocrx_word' id='word_1_133' title='bbox 1076 2275 1142 2317; x_wconf 90' lang='lat' dir='ltr'>non</span> 
     </span>
     <span class='ocr_line' id='line_1_20' title="bbox 182 2360 1150 2449; baseline -0.005 -21"><span class='ocrx_word' id='word_1_134' title='bbox 182 2373 259 2428; x_wconf 88' lang='lat' dir='ltr'><strong>sunt</strong></span> <span class='ocrx_word' id='word_1_135' title='bbox 281 2363 507 2438; x_wconf 77' lang='lat' dir='ltr'>involuntaria,</span> <span class='ocrx_word' id='word_1_136' title='bbox 531 2373 565 2426; x_wconf 88' lang='lat' dir='ltr'>et</span> <span class='ocrx_word' id='word_1_137' title='bbox 585 2371 702 2449; x_wconf 77' lang='lat' dir='ltr'>tamen¹</span> <span class='ocrx_word' id='word_1_138' title='bbox 720 2362 872 2424; x_wconf 77' lang='lat' dir='ltr'><strong>voluntas</strong></span> <span class='ocrx_word' id='word_1_139' title='bbox 895 2382 961 2424; x_wconf 88' lang='lat' dir='ltr'>non</span> <span class='ocrx_word' id='word_1_140' title='bbox 985 2370 1034 2424; x_wconf 87' lang='lat' dir='ltr'>est</span> <span class='ocrx_word' id='word_1_141' title='bbox 1059 2360 1150 2443; x_wconf 78' lang='lat' dir='ltr'>prin-</span> 
     </span>
     <span class='ocr_line' id='line_1_21' title="bbox 181 2469 841 2554; baseline -0.009 -19"><span class='ocrx_word' id='word_1_142' title='bbox 181 2471 307 2554; x_wconf 91' lang='lat' dir='ltr'>cipium</span> <span class='ocrx_word' id='word_1_143' title='bbox 329 2470 505 2534; x_wconf 88' lang='lat' dir='ltr'>elicitivum</span> <span class='ocrx_word' id='word_1_144' title='bbox 530 2478 678 2552; x_wconf 86' lang='lat' dir='ltr'>respectu</span> <span class='ocrx_word' id='word_1_145' title='bbox 703 2469 841 2531; x_wconf 89' lang='lat' dir='ltr'>illorum.</span> 
     </span>
    </p>
   </div>
   <div class='ocr_carea' id='block_1_3' title="bbox 618 2963 722 3320">
    <p class='ocr_par' dir='ltr' id='par_1_5' title="bbox 618 2963 722 3320">
     <span class='ocr_line' id='line_1_22' title="bbox 618 2963 722 3320; baseline 0 0"><span class='ocrx_word' id='word_1_146' title='bbox 618 2963 722 3320; x_wconf 54' lang='lat' dir='ltr'>ii*</span> 
     </span>
    </p>
   </div>
   <div class='ocr_carea' id='block_1_4' title="bbox 0 0 1371 4209">
    <p class='ocr_par' dir='ltr' id='par_1_6' title="bbox 0 0 1371 4209">
     <span class='ocr_line' id='line_1_23' title="bbox 0 0 1371 4209; baseline 0 0"><span class='ocrx_word' id='word_1_147' title='bbox 0 0 1371 4209; x_wconf 95' lang='lat' dir='ltr'> </span> 
     </span>
    </p>
   </div>
  </div>
 </body>
</html>
