2684 4209
225 247 286 312 174
487 233 559 294 Lm.
585 233 599 294 Ι
623 232 916 295 Ssursurmnuu

200 352 402 359 -——-—
709 351 746 355 —

204 448 303 520 patet,
328 440 403 520 quia
427 459 502 520 quae
526 438 724 501 conveniunt
748 438 779 499 in
804 438 937 500 homine
964 440 1162 502 conveniunt

200 548 234 608 in
258 546 465 619 animalitate,
491 555 522 607 et
546 555 656 607 tamen
680 566 756 626 quae
787 544 939 607 differunt
962 546 994 608 in
1019 545 1161 617 homine,

200 674 265 714 non
289 652 442 714 differunt
465 653 496 714 in
520 652 727 713 animalitate.

266 760 324 821 Ad
344 769 493 821 octavum
518 778 603 840 nego
627 758 716 820 illam
740 758 995 840 propositionem
1018 779 1094 840 quae
1117 760 1164 821 di-

194 868 242 929 ¹cit
266 867 355 948 quod
379 866 485 927 omnis
508 866 732 927 convenientia
754 866 805 926 vel
828 874 876 926 est
900 866 999 928 realis
1026 866 1076 928 vel
1107 887 1162 928 ra-

200 974 321 1047 lr'om's,·
346 982 394 1034 est
418 972 503 1034 enim
528 973 605 1033 dare
636 972 896 1033 convenientiam
927 973 1068 1034 mediam
1086 962 1162 1053 ¹qua

201 1081 323 1162 aliquid
347 1090 395 1141 est
419 1080 503 1141 idem
529 1078 704 1140 formaliter
728 1078 786 1139 sibi
810 1079 879 1159 ipsi.

267 1187 325 1248 Ad
345 1207 464 1248 nouum
496 1186 572 1246 dico
602 1186 692 1266 quod
724 1185 905 1265 proprietas
936 1206 1002 1247 non
1033 1186 1162 1249 excedit

202 1314 298 1355 suum
315 1293 512 1374 subjectum;
538 1293 593 1353 sed
617 1312 674 1353 ens
691 1302 784 1353 extra
800 1292 943 1353 animam
960 1292 1113 1353 dividitur
1130 1293 1161 1354 in

196 1422 256 1463 ens
280 1401 362 1462 reale
385 1409 418 1461 et
453 1400 484 1461 in
519 1419 576 1460 ens
607 1397 742 1459 formale
771 1399 838 1460 sive
870 1399 1008 1473 modale,
1033 1408 1064 1460 et
1088 1399 1161 1460 ideo

202 1507 333 1589 ponitur
357 1506 408 1568 illa
433 1526 497 1567 non
522 1505 671 1567 identitas
694 1504 845 1567 formalis.

270 1614 327 1675 Ad
347 1612 510 1675 decimmu
534 1632 619 1693 nego
636 1613 790 1694 nitasuram
807 1612 839 1673 in
856 1612 980 1686 divinis,
1002 1612 1077 1693 quia
1094 1633 1162 1694 per-

200 1740 279 1781 sona
310 1718 405 1781 infert
435 1720 615 1789 essentiam,
646 1726 680 1779 et
710 1728 821 1779 tamen
857 1739 921 1779 non
953 1718 1111 1799 sequitur:
1136 1718 1160 1779 si

202 1836 277 1888 sunt
302 1827 409 1907 plures
422 1846 579 1907 personae,
601 1846 681 1907 ergo
699 1826 806 1907 plures
828 1826 984 1887 essentiae.
1010 1824 1161 1888 Similiter

200 1932 379 1995 essentialia
396 1930 535 1993 inferunt
552 1932 733 2002 essentiam,
751 1942 783 1993 et
799 1940 908 1993 tamen
926 1952 991 1994 non
1007 1932 1160 2012 sequitur:

200 2048 275 2101 sunt
300 2039 402 2100 multa
426 2038 613 2109 essentialia,
638 2059 717 2121 ergo
743 2040 855 2100 multae
879 2048 955 2100 sunt
977 2039 1133 2100 essentiae.

267 2146 325 2207 Ad
346 2145 551 2207 medecimmn
576 2144 648 2206 dico
681 2145 770 2226 quod
803 2145 991 2226 praedicatio
1025 2145 1058 2207 in
1089 2146 1161 2207 abs-

200 2262 305 2314 tracto
329 2273 396 2313 non
421 2260 468 2313 est
492 2272 576 2323 vera,
602 2252 659 2314 nisi
684 2252 724 2313 sit
741 2272 797 2333 per
820 2272 854 2313 se
875 2252 907 2313 in
931 2252 1037 2333 primo
1062 2252 1162 2314 modo

201 2360 234 2421 in
259 2359 425 2431 creaturis;
450 2358 505 2420 sed
530 2358 561 2419 in
586 2357 705 2420 divinis
727 2369 775 2420 est
799 2379 883 2432 vera,
900 2358 993 2439 cujus
1016 2359 1098 2420 ratio
1113 2368 1161 2420 est

200 2464 341 2527 infinitas
358 2464 465 2526 divina
482 2474 727 2546 propterquam
741 2465 793 2526 illa
814 2464 938 2527 realiter
962 2464 1161 2528 identifiean-

200 2582 261 2633 tur.

270 2679 327 2740 Ad
346 2678 571 2741 drtndccz‘mnm
597 2700 682 2761 nego
705 2679 972 2759 consequentiam,
1008 2678 1083 2760 quia
1114 2679 1161 2739 in-

201 2786 327 2847 finitum
353 2786 526 2848 adveniens
557 2786 650 2848 alicui
684 2806 749 2848 non
773 2786 875 2848 variat
899 2785 1068 2847 formalem
1091 2785 1162 2865 ejus

202 2893 372 2966 rationem,
397 2901 428 2953 et
452 2893 528 2973 quia
544 2893 699 2954 attributa
723 2893 754 2953 in
771 2894 836 2955 suis
859 2892 1048 2955 formalibus
1068 2893 1184 2955 ratio‘

201 3000 297 3061 nibus
321 2998 576 3080 distinguuntur,
602 3000 675 3061 ideo
699 2999 856 3061 infinitate
879 2999 1072 3061 adveniente
1096 3000 1163 3061 ubi-

202 3125 344 3186 cumque
367 3114 442 3165 sunt
466 3103 641 3167 formaliter
654 3106 907 3187 distinguuntur.

267 3212 325 3285 Ad
344 3212 503 3273 decimum
520 3212 650 3274 tertz'mn
675 3233 760 3293 nego
784 3214 949 3295 majorem,
966 3212 1042 3293 quia
1057 3213 1161 3275 Trini-

201 3328 268 3380 tate
291 3318 526 3400 simplicissima
556 3320 718 3381 existente
748 3329 796 3380 est
826 3319 924 3381 trium
948 3339 1159 3401 personarum

202 3425 293 3486 realis
317 3424 487 3487 distinctio
513 3426 590 3488 ldeo
614 3435 662 3488 est
686 3427 867 3487 notandum
891 3427 981 3507 quod
1006 3426 1057 3487 illa
1080 3448 1161 3507 qua-

202 3540 277 3591 tuor
302 3530 421 3593 habent
445 3553 478 3593 se
503 3553 558 3613 per
583 3534 740 3602 ordinem,
765 3533 940 3605 distinctio,
966 3533 1052 3604 renio,
1080 3554 1158 3594 com·

196 3638 313 3716 pmr'tr'o
329 3646 361 3697 et
376 3639 533 3712 resolutio,
552 3638 594 3699 ita
610 3640 700 3719 quod
717 3638 878 3700 distinctio
894 3650 942 3700 est
959 3640 1044 3721 prior
1068 3640 1160 3701 unio-
