2684 4209
426 179 613 242 Drsrmcu.
637 179 671 242 V
695 178 842 261 Quassr.
867 181 881 243 1
1091 196 1151 259 123

206 385 326 446 animal
351 385 459 448 currit.
486 385 552 449 Sed
575 387 714 448 essentia
738 385 935 468 praedicatur
958 387 1000 448 de
1022 386 1118 448 Patre
1141 385 1177 448 in

206 491 313 573 primo
338 493 438 556 modo
461 491 588 555 dicendi
613 513 670 574 per
693 513 737 555 se.
756 493 848 574 Ergo
864 501 973 574 potest
988 512 1182 574 supponere

205 617 265 680 pro
288 598 393 661 Patre.
423 598 488 663 Sed
512 600 564 661 illa
591 609 641 662 est
669 619 758 661 vera:
788 600 882 662 Pater
912 608 1060 680 generat;
1090 619 1173 681 ergo

205 704 350 768 similiter
373 714 405 768 et
428 705 481 768 illa
504 707 564 768 erit
588 725 679 768 vera:
703 706 843 768 essentia
866 715 1009 787 generat.

264 825 291 890 5.
317 812 486 886 Praeterea,
522 813 670 894 genitum
696 812 728 875 in
752 821 914 895 quantum
950 811 1098 894 genitum
1123 821 1173 874 est

205 917 339 1000 aliquid,
364 920 530 1001 quianon
554 927 603 982 est
627 919 722 996 nihil;
752 920 809 981 sed
836 919 971 999 aliquid
995 919 1028 980 in
1057 919 1181 980 divinis.

207 1034 256 1088 est
279 1026 430 1100 essentia;
455 1045 534 1108 ergo
558 1025 698 1088 essentia
720 1035 769 1087 est
792 1025 911 1107 genita.

276 1133 316 1194 lu
340 1133 541 1195 contrarium
564 1140 614 1195 est
638 1132 795 1215 Magister
818 1133 850 1194 in
881 1133 996 1194 littera.

276 1239 390 1303 Cruci
414 1252 527 1302 rssnu
551 1251 803 1315 QuAEsrronuu
828 1239 959 1321 ponitur
976 1239 1086 1321 opinio
1103 1239 1183 1319 Joa-

208 1344 297 1408 chim
321 1343 410 1408 falsa.
437 1345 583 1408 Secundo
608 1346 720 1428 opinio
745 1346 892 1428 Magistri
917 1365 1002 1408 vera.

283 1575 507 1660 Quantum
532 1579 596 1644 art
609 1577 812 1660 primum
829 1586 878 1638 est
894 1577 1061 1638 sciendum
1083 1577 1174 1658 quod

209 1682 241 1745 in
267 1683 326 1744 ista
356 1683 539 1765 quaestione
573 1685 690 1746 erravit
726 1684 843 1746 Abbas
866 1683 1030 1765 Joachim,
1056 1692 1092 1745 ut
1121 1684 1183 1745 ha·-

210 1789 304 1852 betur
326 1799 421 1852 extra
444 1792 483 1853 de
506 1812 590 1853 sum.
622 1792 712 1854 Triu.
736 1802 804 1872 cap.
828 1792 1060 1860 Dumutumus,
1081 1790 1176 1870 cujus

210 1916 298 1958 error
321 1897 468 1960 consistit
497 1898 528 1959 in
553 1899 693 1960 duobus.
734 1898 870 1961 Primus
893 1919 981 1959 error
1008 1907 1067 1971 est,
1098 1898 1174 1979 quia

211 2003 367 2085 imposuit
392 2005 548 2086 magistro
584 2005 680 2066 Petro
715 2005 905 2066 Lombardo
932 2004 1092 2077 haeresim,
1118 2004 1175 2064 im-

210 2131 335 2192 ponens
370 2111 399 2172 ei
430 2112 520 2192 quod
548 2112 693 2193 posuerit
719 2112 969 2192 quaternitatem
999 2111 1031 2173 in
1059 2111 1175 2172 divinis

211 2217 329 2278 scilicet
352 2226 416 2278 tres
446 2238 599 2298 personas
627 2229 659 2279 et
686 2218 858 2280 essentiam
887 2239 962 2299 quae
992 2237 1051 2279 nec
1079 2239 1174 2299 gene-

211 2333 260 2386 rat
283 2343 343 2386 nec
367 2333 553 2406 generatur;
578 2327 861 2406 ergosecundum
886 2325 1073 2405 opinionem
1099 2326 1174 2406 Joa-

211 2429 297 2492 chim
321 2431 458 2492 essentia
483 2440 616 2512 generat
639 2441 671 2492 et
695 2441 875 2512 generatur.
895 2431 1063 2493 Secundus
1085 2453 1173 2494 error

210 2545 258 2598 est
287 2537 377 2618 quod
406 2537 563 2599 unitatem
593 2539 691 2599 trium
721 2559 931 2618 personarum
965 2560 1030 2600 non
1065 2539 1173 2620 posuit

211 2643 328 2705 realem
353 2652 385 2704 et
409 2665 517 2705 veram
532 2645 587 2706 sed
604 2645 805 2706 collectivam
822 2655 854 2706 et
870 2645 1172 2707 similitudinariam.

212 2748 312 2830 Quod

276 2853 422 2924 Probat
443 2857 487 2919 sic
512 2879 568 2938 per
593 2858 670 2919 illud
695 2857 870 2920 Salvatoris
893 2859 924 2920 in
955 2858 1060 2921 Jouu:
1086 2859 1173 2920 Volo

210 2963 313 3036 Pater,
339 2973 375 3025 ut
398 2964 461 3026 sint
486 2985 588 3026 uuum
618 2965 649 3026 in
679 2965 781 3038 nobiS,
811 2967 892 3026 sicut
920 2975 952 3027 et
982 2985 1040 3025 nos
1069 2986 1171 3026 unum

210 3091 332 3132 sumus.
359 3069 423 3134 Sed
449 3071 679 3134 Christilideles
703 3094 768 3134 non
793 3082 948 3134 suntuna
973 3092 1030 3141 res,
1048 3073 1104 3131 scd
1129 3072 1173 3132 (li-

211 3187 328 3238 cuntur
360 3198 461 3239 unum
496 3187 627 3259 propter
659 3179 816 3240 unitatem
849 3178 921 3239 fidei
953 3189 986 3239 et
1016 3179 1171 3251 caritatis;

210 3303 290 3364 ergo
314 3293 378 3346 tres
403 3305 550 3365 personae
576 3305 640 3347 nou
666 3295 741 3347 sunt
765 3307 830 3347 una
855 3307 912 3346 res.

279 3390 335 3452 Ille
358 3393 522 3453 secundus
550 3413 637 3453 error
661 3392 810 3472 Joachim
839 3391 899 3454 suit
923 3392 1057 3453 omnino
1081 3392 1173 3453 intol-

211 3497 350 3560 lerabilis
375 3507 407 3560 et
432 3497 612 3572 haereticus,
641 3499 718 3579 quia
750 3509 785 3560 ut
812 3499 918 3580 arguit
936 3500 1024 3579 Papa
1051 3499 1083 3560 in
1112 3500 1173 3560 Dc-

209 3605 327 3666 cretuli
351 3603 508 3686 allegata,
541 3605 634 3667 Pater
663 3605 830 3688 gignendo
864 3605 982 3667 Filium
1012 3605 1100 3666 dedit
1128 3625 1178 3666 es-
