2684 4209
332 185 517 248 Drsrmcr.
548 185 660 248 XLIV
685 184 831 266 Qunsr.
857 186 871 248 Ι
1048 205 1113 266 423

171 393 223 454 vel
247 400 407 473 quantum
424 391 466 452 ad
491 390 639 452 ordinem
656 401 886 454 creaturarum.
913 393 957 454 Et
980 392 1039 455 iste
1055 392 1137 454 ordo

170 507 221 560 est
251 498 385 578 duplex,
418 507 453 559 ut
484 506 574 579 patet
605 516 646 560 12
679 497 837 579 Metaplz„
873 499 948 579 quia
980 508 1136 561 creaturae

173 604 295 666 habent
311 623 414 665 unum
438 604 584 665 ordinem
601 605 644 666 ad
661 606 771 666 Deum
794 615 965 687 tamquam
989 606 1031 668 ad
1047 605 1154 686 prin·'

172 712 289 793 cipem,
313 718 345 772 et
368 711 468 771 alium
492 711 640 773 ordinem
665 711 746 773 inter
762 733 806 774 se.
830 711 908 774 Ideo
931 712 1015 774 circa
1039 713 1135 774 istam

172 817 398 898 quaestionem,
426 817 544 896 primu,
568 827 698 898 oportet
718 818 826 880 videre
857 819 881 880 si
914 821 1005 880 Deus
1029 820 1136 899 potuit

172 923 276 986 facere
293 924 454 984 mundum
473 924 637 985 meliorem
659 934 820 1005 quantum
837 926 879 986 ad
904 935 1035 986 naturas
1051 946 1136 988 crea-

170 1041 327 1103 turarum,
358 1031 503 1103 secunda,
524 1031 548 1092 si
575 1033 664 1092 Deus
696 1031 803 1112 potuit
834 1031 937 1093 facere
970 1033 1131 1093 mundum

171 1137 336 1199 meliorem
359 1147 520 1218 quantum
544 1138 586 1199 ad
609 1137 767 1202 ordinem.

238 1351 302 1416 Be
317 1350 472 1434 primo
499 1350 615 1411 dicitur
638 1350 728 1431 quod
753 1371 829 1423 non,
862 1351 1005 1413 maxime
1029 1372 1131 1432 quan-

169 1465 241 1518 tum
276 1458 317 1519 ad
348 1478 417 1520 esse
447 1456 656 1519 substantiale
687 1466 917 1530 creaturarum,
953 1458 1029 1538 quia
1060 1478 1131 1519 esse

167 1563 379 1626 substantiale
402 1563 573 1643 cujuslibet
596 1563 742 1624 consistit
766 1563 797 1625 in
821 1563 1013 1637 indivisibili,
1038 1565 1131 1626 etsie

171 1692 237 1732 non
262 1671 374 1751 recipit
399 1671 503 1752 magis
526 1679 582 1731 aut
607 1670 724 1731 minus,

235 1778 316 1839 Alia
339 1777 446 1858 opinio
469 1776 651 1857 dicitquod
677 1778 768 1838 Deus
785 1787 891 1858 potest
915 1776 1018 1839 lacere
1036 1798 1131 1839 mun·

168 1886 249 1947 dum
286 1885 451 1946 meliorem
483 1894 644 1965 quantum
676 1884 717 1945 ad
749 1905 817 1946 esse
848 1884 1068 1954 substantiale,
1098 1895 1131 1947 et

167 2002 327 2074 quantum
351 1992 394 2053 ad
417 2012 486 2052 esse
508 1991 707 2053 accidentale
723 2001 957 2062 creaturarum,
982 1992 1059 2072 quia
1076 2013 1131 2074 po

167 2100 214 2162 nit
237 2100 326 2181 quod
350 2118 417 2160 esse
445 2098 616 2178 cujuslibet
647 2109 803 2160 creaturae
837 2097 955 2161 habeat
988 2099 1129 2160 latitudi-

167 2227 252 2279 nem,
276 2215 309 2268 et
325 2226 390 2267 non
415 2205 558 2268 consistit
583 2205 614 2266 in
631 2205 823 2270 indivisibili.
850 2206 893 2266 Et
916 2205 1131 2288 confirmatur

167 2313 239 2386 hoc,
264 2312 340 2394 quia
363 2322 470 2375 totum
496 2312 682 2374 universum
700 2310 759 2374 luit
784 2312 898 2374 melius
921 2313 952 2374 in
977 2321 1062 2374 statu
1079 2313 1127 2374 in-

165 2421 335 2492 nocentiae,
359 2420 502 2481 similiter
525 2419 585 2481 erit
602 2419 715 2480 melius
739 2429 814 2499 post
835 2419 921 2480 diem
943 2419 1065 2499 judicii.
1084 2419 1129 2481 Et

164 2527 309 2589 similiter
333 2547 446 2588 omnes
469 2527 587 2587 animae
612 2535 688 2588 sunt
704 2525 850 2604 ejusdem
875 2525 1001 2607 speciei,
1026 2535 1058 2588 et
1082 2535 1127 2586 ta-

164 2655 239 2695 men
257 2655 320 2695 una
343 2634 452 2695 anima
468 2642 516 2695 est
535 2633 647 2694 melior
662 2633 773 2694 altera.
792 2632 908 2694 Dicere
931 2633 1017 2694 enim
1035 2635 1126 2713 quod

163 2741 273 2801 anima
289 2740 407 2803 Christi
432 2761 497 2802 non
522 2741 561 2802 sit
579 2739 692 2801 melior
715 2739 833 2800 animae
850 2739 945 2819 Judae
969 2748 1017 2801 est
1040 2759 1127 2801 erro·
1153 2739 1155 2744 ’

164 2867 272 2920 neum,
298 2855 334 2907 ut
357 2856 447 2929 patet
470 2867 527 2929 per
550 2847 722 2908 articulum
746 2845 1093 2907 excommunicatum.

229 3059 293 3125 Be·
320 3060 511 3124 oemmdo
541 3057 742 3124 Artr'eulo
772 3058 888 3120 dicitur
919 3059 1010 3140 quod
1034 3061 1126 3120 Deus

163 3186 228 3227 non
253 3174 360 3246 potest
376 3165 479 3227 facere
503 3167 663 3228 mundum
685 3166 861 3238 meliorem,
879 3186 937 3228 nec
961 3175 1123 3239 Quantum

159 3272 204 3333 ad
227 3273 375 3334 ordinem
398 3282 619 3334 creaturarum
650 3273 693 3334 ad
718 3274 837 3346 Deum,
871 3293 929 3334 nec
961 3282 1123 3353 quantum

158 3379 203 3440 ad
227 3379 373 3441 ordinem
398 3388 617 3440 creaturarum
643 3379 725 3440 inter
749 3399 791 3462 se,
817 3379 893 3461 quia
917 3379 1053 3460 quilibet
1078 3399 1128 3440 or-

158 3485 205 3546 do
227 3494 275 3546 est
298 3485 451 3566 optimus,
477 3485 639 3567 optimum
664 3495 857 3547 autemnon
883 3495 990 3568 potest
1014 3485 1125 3547 melio-

160 3591 231 3652 rari.
257 3592 455 3673 Exemplum
472 3593 603 3674 ponitur
626 3593 815 3668 decimata,
841 3595 872 3656 in
896 3617 962 3676 qua
985 3596 1121 3677 quando
