2684 4209
266 294 309 370 84
521 291 596 356 Lis.
620 292 635 354 1
659 290 955 356 Ssnrnvnnnvn

309 494 383 584 [11]
406 497 452 562 Et
472 493 650 564 similiter
672 498 715 558 ad
738 495 826 558 aliud
843 496 884 558 de
901 516 1052 559 mensura
1067 505 1100 559 et
1116 516 1205 559 men-

240 612 360 667 surato.
386 603 431 665 Et
455 612 611 686 praeterea
633 602 713 665 illud
744 613 991 684 argumentum
1010 602 1108 665 habet
1139 624 1207 666 ma·

242 731 341 794 gnam
366 710 550 772 instantiam
575 710 615 771 de
632 709 793 784 albedine;
811 729 888 772 narn
904 710 1022 772 albedo
1043 718 1091 772 est
1118 731 1207 772 men·

240 838 316 882 sura
338 816 486 880 omnium
511 816 667 890 colorum,
692 825 857 878 ettamen
873 817 1006 898 aliquod
1029 816 1145 879 dicitur
1169 838 1206 878 u·
1279 813 1283 817 ’

241 925 356 987 nivoce
379 909 420 986 de
442 923 591 986 albedine
616 932 649 985 et
671 923 741 984 aliis
764 922 936 986 coloribus.
1194 1005 1200 1013 ἦ

308 1026 374 1097 Ad
392 1025 506 1097 dubz'a
529 1047 613 1115 quae
636 1032 759 1096 movet
781 1025 915 1097 Scotus
945 1038 1059 1092 contra
1090 1029 1205 1092 univo-

238 1137 402 1224 cationem
426 1136 524 1198 entis:

308 1241 383 1330 [12]
406 1243 465 1305 Ad
479 1243 639 1325 primum,
668 1263 745 1304 cum
769 1243 903 1305 dicitur:
927 1243 952 1304 si
976 1263 1033 1305 ens
1056 1253 1139 1306 esset
1171 1265 1207 1306 u-

172 1387 174 1390 ·
242 1351 395 1414 nivocum
418 1359 497 1411 tunc
521 1370 578 1412 ens
602 1358 686 1412 esset
710 1370 823 1432 genus
855 1350 947 1411 dico:
980 1350 1005 1412 si
1036 1370 1094 1412 ens
1124 1359 1208 1413 esset

240 1457 422 1520 univocum
447 1456 678 1536 univocatione
693 1456 991 1538 prodicamerrtali,
1019 1465 1144 1519 certum
1161 1467 1209 1519 est

239 1565 331 1646 quod
355 1572 438 1626 esset
461 1582 582 1645 genus;
607 1563 664 1625 sed
689 1563 875 1625 univocatio
898 1563 981 1625 entis
1005 1583 1070 1625 non
1088 1564 1132 1625 sic
1149 1585 1208 1644 po·

242 1669 437 1751 nitur,·quia
460 1678 510 1731 est
533 1669 718 1731 univocatio
742 1670 974 1734 transcendens
998 1690 1064 1732 non
1083 1670 1209 1751 praedi-

238 1777 442 1847 camentalis,
471 1784 504 1837 et
528 1775 601 1838 ideo
625 1796 692 1838 non
715 1785 765 1838 est
787 1796 901 1858 genus,

310 1879 384 1968 [13]
409 1883 549 1944 Etcum
578 1883 737 1964 arguitur
767 1883 905 1944 ulterius
936 1902 993 1963 per
1025 1881 1087 1944 hoc
1118 1883 1209 1964 quod

241 1989 322 2052 ratio
347 1988 472 2071 generis
496 1999 544 2050 est
568 1989 735 2070 praedicari
760 1989 802 2051 de
827 1990 974 2071 pluribus
989 1987 1209 2051 differentibus

241 2095 356 2176 specie,
382 2095 455 2158 dico
478 2097 568 2177 quod
593 2115 698 2178 genus
722 2097 858 2176 quando
875 2096 1072 2177 praedicatur
1089 2097 1130 2157 de
1147 2097 1201 2177 plu

242 2202 329 2264 ribus
350 2201 569 2290 differentibus
585 2201 692 2284 specie
708 2222 774 2264 non
791 2200 889 2264 habet
901 2201 1148 2264 indifferentiam
1168 2202 1211 2265 ad

244 2307 372 2372 finitum
401 2317 433 2370 et
456 2306 628 2383 infinitum,
657 2316 690 2370 et
721 2328 850 2370 necesse
880 2317 913 2370 et
944 2307 1104 2390 possibile,
1128 2309 1211 2370 sicut

241 2435 298 2476 ens
322 2423 359 2476 ut
382 2415 513 2496 ponitur
536 2415 781 2489 transcendens;
808 2413 880 2476 ideo
896 2434 953 2476 ens
969 2415 1013 2476 sic
1034 2424 1204 2496 sumptum

242 2541 307 2583 non
330 2530 380 2584 est
397 2541 509 2604 genus.
534 2521 644 2584 Aliter
667 2529 775 2602 potest
799 2521 862 2583 dici
887 2521 977 2602 quod
994 2515 1232 2602 Philosophus

244 2635 391 2690 removet
403 2626 444 2690 ab
456 2637 530 2690 ente
543 2627 700 2690 rationem
720 2628 855 2709 generis,
873 2627 949 2709 quia
965 2627 1082 2691 dicitur
1098 2627 1140 2689 de
1149 2637 1214 2709 per

240 2755 273 2798 se
299 2743 332 2796 et
360 2735 392 2796 in
424 2735 509 2817 quid
534 2736 575 2797 de
610 2734 719 2816 aliqua
746 2734 940 2809 differentia;
975 2754 1090 2796 omnes
1123 2734 1212 2796 enirn

241 2841 429 2904 differentiae
459 2849 527 2903 tarn
559 2841 758 2904 immediatae
795 2862 895 2923 quarn
932 2839 1099 2903 inferiores
1134 2849 1214 2903 sunt

239 2956 334 3010 extra
363 2947 519 3010 rationem
557 2948 684 3030 generis
717 2947 1019 3029 praedicamentalis
1054 2946 1120 3010 Sed
1151 2967 1213 3008 ens

241 3054 436 3136 praedicatur
460 3055 495 3116 in
520 3053 666 3136 quidde
690 3053 844 3116 omnibus
869 3053 1054 3115 differentiis
1081 3062 1213 3134 praeter-

241 3180 341 3241 quam
366 3161 406 3223 de
430 3160 552 3222 ultimis
575 3160 761 3223 differentiis
783 3170 816 3223 et
839 3161 880 3222 de
904 3159 1110 3241 passionibus
1125 3161 1213 3222 entis

243 3287 318 3348 quae
342 3276 418 3329 sunt
441 3288 498 3348 per
523 3289 556 3330 se
580 3287 645 3329 non
669 3288 726 3330 ens
749 3266 971 3349 quidditative,
997 3267 1070 3328 licet
1093 3267 1214 3328 virtua-

243 3374 314 3435 liter
337 3374 562 3436 contineantur
585 3373 627 3435 ab
651 3384 734 3436 ente.
760 3374 848 3436 Nam
869 3373 1058 3454 differentia
1081 3381 1130 3434 est
1154 3372 1216 3434 du-

244 3479 338 3560 plex:
363 3481 517 3561 quaedam
542 3489 590 3542 ost
613 3489 745 3562 sumpta
769 3501 789 3542 a
813 3490 903 3562 parto
926 3479 1094 3554 essentiali,
1123 3499 1214 3560 quae-

244 3585 321 3648 dam
346 3595 394 3650 est
416 3596 548 3669 sumpta
573 3587 615 3649 ab
639 3586 754 3649 ultima
778 3587 921 3649 realitate
943 3585 1069 3648 formae.
1087 3585 1211 3677 Primo
