<?xml version="1.0" encoding="UTF-8"?>
<!DOCTYPE html PUBLIC "-//W3C//DTD XHTML 1.0 Transitional//EN"
    "http://www.w3.org/TR/xhtml1/DTD/xhtml1-transitional.dtd">
<html xmlns="http://www.w3.org/1999/xhtml" xml:lang="en" lang="en">
 <head>
  <title>
</title>
<meta http-equiv="Content-Type" content="text/html;charset=utf-8" />
  <meta name='ocr-system' content='tesseract 3.04.00' />
  <meta name='ocr-capabilities' content='ocr_page ocr_carea ocr_par ocr_line ocrx_word'/>
</head>
<body>
  <div class='ocr_page' id='page_1' title='image "./commentariainli01scotgoog_0194.png"; bbox 0 0 2684 4209; ppageno 0'>
   <div class='ocr_carea' id='block_1_1' title="bbox 241 258 911 341">
    <p class='ocr_par' dir='ltr' id='par_1_1' title="bbox 241 258 911 341">
     <span class='ocr_line' id='line_1_1' title="bbox 241 258 911 341; baseline -0.009 -14"><span class='ocrx_word' id='word_1_1' title='bbox 241 262 301 341; x_wconf 87' lang='lat'>178</span> <span class='ocrx_word' id='word_1_2' title='bbox 478 259 552 321; x_wconf 80' lang='lat' dir='ltr'>Lm.</span> <span class='ocrx_word' id='word_1_3' title='bbox 577 260 592 322; x_wconf 90' lang='lat'>1</span> <span class='ocrx_word' id='word_1_4' title='bbox 615 258 911 323; x_wconf 72' lang='lat' dir='ltr'>Saurenrrnnun</span> 
     </span>
    </p>
   </div>
   <div class='ocr_carea' id='block_1_2' title="bbox 214 464 1182 2042">
    <p class='ocr_par' dir='ltr' id='par_1_2' title="bbox 214 464 1182 2042">
     <span class='ocr_line' id='line_1_2' title="bbox 282 464 1181 549; baseline -0.004 -18"><span class='ocrx_word' id='word_1_5' title='bbox 282 466 347 531; x_wconf 80' lang='lat' dir='ltr'>De</span> <span class='ocrx_word' id='word_1_6' title='bbox 363 465 517 549; x_wconf 72' lang='lat' dir='ltr'>primo</span> <span class='ocrx_word' id='word_1_7' title='bbox 540 465 630 528; x_wconf 92' lang='lat' dir='ltr'>dico:</span> <span class='ocrx_word' id='word_1_8' title='bbox 656 464 829 529; x_wconf 89' lang='lat' dir='ltr'>Generatio</span> <span class='ocrx_word' id='word_1_9' title='bbox 864 466 896 527; x_wconf 90' lang='lat' dir='ltr'>in</span> <span class='ocrx_word' id='word_1_10' title='bbox 931 466 1086 529; x_wconf 85' lang='lat' dir='ltr'>creaturis</span> <span class='ocrx_word' id='word_1_11' title='bbox 1111 465 1181 527; x_wconf 91' lang='lat' dir='ltr'>duo</span> 
     </span>
     <span class='ocr_line' id='line_1_3' title="bbox 214 572 1179 654; baseline -0.002 -20"><span class='ocrx_word' id='word_1_12' title='bbox 214 572 301 646; x_wconf 89' lang='lat' dir='ltr'>dicit,</span> <span class='ocrx_word' id='word_1_13' title='bbox 326 574 446 635; x_wconf 89' lang='lat' dir='ltr'>scilicet</span> <span class='ocrx_word' id='word_1_14' title='bbox 469 572 680 635; x_wconf 80' lang='lat' dir='ltr'><em>mutationem</em></span> <span class='ocrx_word' id='word_1_15' title='bbox 702 582 736 635; x_wconf 91' lang='lat' dir='ltr'>et</span> <span class='ocrx_word' id='word_1_16' title='bbox 753 572 1006 654; x_wconf 80' lang='lat' dir='ltr'>productionem.</span> <span class='ocrx_word' id='word_1_17' title='bbox 1038 573 1179 635; x_wconf 91' lang='lat' dir='ltr'>Istorum</span> 
     </span>
     <span class='ocr_line' id='line_1_4' title="bbox 214 678 1182 753; baseline -0.001 -12"><span class='ocrx_word' id='word_1_18' title='bbox 214 688 325 742; x_wconf 87' lang='lat' dir='ltr'>autem</span> <span class='ocrx_word' id='word_1_19' title='bbox 349 688 424 741; x_wconf 91' lang='lat' dir='ltr'>sunt</span> <span class='ocrx_word' id='word_1_20' title='bbox 447 678 519 740; x_wconf 82' lang='lat' dir='ltr'>aliae</span> <span class='ocrx_word' id='word_1_21' title='bbox 545 688 579 741; x_wconf 91' lang='lat' dir='ltr'>et</span> <span class='ocrx_word' id='word_1_22' title='bbox 601 678 673 741; x_wconf 85' lang='lat' dir='ltr'>aliae</span> <span class='ocrx_word' id='word_1_23' title='bbox 707 680 848 741; x_wconf 89' lang='lat' dir='ltr'>rationes</span> <span class='ocrx_word' id='word_1_24' title='bbox 875 678 1035 753; x_wconf 79' lang='lat' dir='ltr'>formales,</span> <span class='ocrx_word' id='word_1_25' title='bbox 1071 688 1104 741; x_wconf 88' lang='lat' dir='ltr'>et</span> <span class='ocrx_word' id='word_1_26' title='bbox 1137 678 1182 740; x_wconf 90' lang='lat' dir='ltr'>ab</span> 
     </span>
     <span class='ocr_line' id='line_1_5' title="bbox 214 785 1182 867; baseline -0.002 -19"><span class='ocrx_word' id='word_1_27' title='bbox 214 786 354 848; x_wconf 89' lang='lat' dir='ltr'>invicem</span> <span class='ocrx_word' id='word_1_28' title='bbox 385 786 453 847; x_wconf 88' lang='lat' dir='ltr'>sine</span> <span class='ocrx_word' id='word_1_29' title='bbox 483 785 739 848; x_wconf 86' lang='lat' dir='ltr'>contradictione</span> <span class='ocrx_word' id='word_1_30' title='bbox 769 786 972 867; x_wconf 87' lang='lat' dir='ltr'>separabiles,</span> <span class='ocrx_word' id='word_1_31' title='bbox 1004 785 1081 867; x_wconf 89' lang='lat' dir='ltr'>quia</span> <span class='ocrx_word' id='word_1_32' title='bbox 1112 804 1182 846; x_wconf 88' lang='lat' dir='ltr'>mu·</span> 
     </span>
     <span class='ocr_line' id='line_1_6' title="bbox 215 892 1182 974; baseline -0.003 -18"><span class='ocrx_word' id='word_1_33' title='bbox 215 892 295 956; x_wconf 82' lang='lat' dir='ltr'>tatio</span> <span class='ocrx_word' id='word_1_34' title='bbox 318 901 366 955; x_wconf 90' lang='lat' dir='ltr'>est</span> <span class='ocrx_word' id='word_1_35' title='bbox 390 903 481 955; x_wconf 88' lang='lat' dir='ltr'>actus</span> <span class='ocrx_word' id='word_1_36' title='bbox 505 892 641 974; x_wconf 88' lang='lat' dir='ltr'>subjecti</span> <span class='ocrx_word' id='word_1_37' title='bbox 674 893 839 955; x_wconf 86' lang='lat' dir='ltr'>mutabilis</span> <span class='ocrx_word' id='word_1_38' title='bbox 861 893 951 974; x_wconf 88' lang='lat' dir='ltr'>quod</span> <span class='ocrx_word' id='word_1_39' title='bbox 986 892 1102 954; x_wconf 90' lang='lat' dir='ltr'>transit</span> <span class='ocrx_word' id='word_1_40' title='bbox 1139 892 1182 953; x_wconf 89' lang='lat' dir='ltr'>de</span> 
     </span>
     <span class='ocr_line' id='line_1_7' title="bbox 215 997 1182 1083; baseline -0.001 -22"><span class='ocrx_word' id='word_1_41' title='bbox 215 999 361 1083; x_wconf 88' lang='lat' dir='ltr'>potentia</span> <span class='ocrx_word' id='word_1_42' title='bbox 384 1000 426 1061; x_wconf 89' lang='lat' dir='ltr'>ad</span> <span class='ocrx_word' id='word_1_43' title='bbox 449 1010 570 1073; x_wconf 92' lang='lat' dir='ltr'>actum,</span> <span class='ocrx_word' id='word_1_44' title='bbox 596 1008 632 1061; x_wconf 92' lang='lat' dir='ltr'>ut</span> <span class='ocrx_word' id='word_1_45' title='bbox 659 1008 750 1082; x_wconf 88' lang='lat' dir='ltr'>patet</span> <span class='ocrx_word' id='word_1_46' title='bbox 783 998 814 1063; x_wconf 87' lang='lat'>6.</span> <span class='ocrx_word' id='word_1_47' title='bbox 849 997 951 1080; x_wconf 80' lang='lat' dir='ltr'><em>Phys.</em></span> <span class='ocrx_word' id='word_1_48' title='bbox 961 1023 978 1072; x_wconf 85' lang='lat'>,·</span> <span class='ocrx_word' id='word_1_49' title='bbox 1009 998 1182 1081; x_wconf 79' lang='lat' dir='ltr'>productt&#39;o</span> 
     </span>
     <span class='ocr_line' id='line_1_8' title="bbox 215 1105 1181 1188; baseline -0.003 -19"><span class='ocrx_word' id='word_1_50' title='bbox 215 1116 326 1169; x_wconf 89' lang='lat' dir='ltr'>autem</span> <span class='ocrx_word' id='word_1_51' title='bbox 361 1114 410 1168; x_wconf 87' lang='lat' dir='ltr'>est</span> <span class='ocrx_word' id='word_1_52' title='bbox 444 1105 620 1169; x_wconf 90' lang='lat' dir='ltr'>formaliter</span> <span class='ocrx_word' id='word_1_53' title='bbox 655 1106 755 1188; x_wconf 88' lang='lat' dir='ltr'>ipsius</span> <span class='ocrx_word' id='word_1_54' title='bbox 789 1106 950 1188; x_wconf 92' lang='lat' dir='ltr'>producti,</span> <span class='ocrx_word' id='word_1_55' title='bbox 982 1106 1034 1168; x_wconf 89' lang='lat' dir='ltr'>cui</span> <span class='ocrx_word' id='word_1_56' title='bbox 1061 1105 1181 1168; x_wconf 90' lang='lat' dir='ltr'>accidit</span> 
     </span>
     <span class='ocr_line' id='line_1_9' title="bbox 214 1211 1182 1295; baseline -0.001 -20"><span class='ocrx_word' id='word_1_57' title='bbox 214 1214 306 1295; x_wconf 93' lang='lat' dir='ltr'>quod</span> <span class='ocrx_word' id='word_1_58' title='bbox 330 1211 387 1275; x_wconf 86' lang='lat' dir='ltr'>fiat</span> <span class='ocrx_word' id='word_1_59' title='bbox 409 1233 485 1275; x_wconf 90' lang='lat' dir='ltr'>cum</span> <span class='ocrx_word' id='word_1_60' title='bbox 511 1213 701 1276; x_wconf 87' lang='lat' dir='ltr'>mutatione.</span> <span class='ocrx_word' id='word_1_61' title='bbox 725 1248 771 1260; x_wconf 92' lang='lat'><em>-</em></span> <span class='ocrx_word' id='word_1_62' title='bbox 801 1213 860 1275; x_wconf 87' lang='lat' dir='ltr'>Ad</span> <span class='ocrx_word' id='word_1_63' title='bbox 891 1213 1095 1294; x_wconf 90' lang='lat' dir='ltr'>propositum</span> <span class='ocrx_word' id='word_1_64' title='bbox 1127 1212 1182 1274; x_wconf 89' lang='lat' dir='ltr'>illa</span> 
     </span>
     <span class='ocr_line' id='line_1_10' title="bbox 216 1318 1180 1402; baseline -0.001 -21"><span class='ocrx_word' id='word_1_65' title='bbox 216 1320 421 1402; x_wconf 88' lang='lat' dir='ltr'>applicand0,</span> <span class='ocrx_word' id='word_1_66' title='bbox 457 1319 531 1382; x_wconf 93' lang='lat' dir='ltr'>dico</span> <span class='ocrx_word' id='word_1_67' title='bbox 566 1321 656 1401; x_wconf 90' lang='lat' dir='ltr'>quod</span> <span class='ocrx_word' id='word_1_68' title='bbox 692 1319 857 1401; x_wconf 87' lang='lat' dir='ltr'>generatio</span> <span class='ocrx_word' id='word_1_69' title='bbox 892 1339 958 1381; x_wconf 91' lang='lat' dir='ltr'>non</span> <span class='ocrx_word' id='word_1_70' title='bbox 991 1319 1121 1401; x_wconf 91' lang='lat' dir='ltr'>ponitur</span> <span class='ocrx_word' id='word_1_71' title='bbox 1146 1318 1180 1380; x_wconf 92' lang='lat' dir='ltr'>in</span> 
     </span>
     <span class='ocr_line' id='line_1_11' title="bbox 216 1425 1179 1508; baseline -0.002 -20"><span class='ocrx_word' id='word_1_72' title='bbox 216 1426 333 1489; x_wconf 89' lang='lat' dir='ltr'>divinis</span> <span class='ocrx_word' id='word_1_73' title='bbox 356 1426 416 1487; x_wconf 91' lang='lat' dir='ltr'>sub</span> <span class='ocrx_word' id='word_1_74' title='bbox 440 1426 564 1488; x_wconf 89' lang='lat' dir='ltr'>ratione</span> <span class='ocrx_word' id='word_1_75' title='bbox 588 1426 786 1500; x_wconf 88' lang='lat' dir='ltr'>mutationis,</span> <span class='ocrx_word' id='word_1_76' title='bbox 803 1426 880 1508; x_wconf 90' lang='lat' dir='ltr'>quia</span> <span class='ocrx_word' id='word_1_77' title='bbox 896 1435 932 1488; x_wconf 94' lang='lat' dir='ltr'>ut</span> <span class='ocrx_word' id='word_1_78' title='bbox 947 1425 993 1489; x_wconf 90' lang='lat' dir='ltr'>sic</span> <span class='ocrx_word' id='word_1_79' title='bbox 1016 1425 1094 1487; x_wconf 91' lang='lat' dir='ltr'>dicit</span> <span class='ocrx_word' id='word_1_80' title='bbox 1116 1426 1179 1487; x_wconf 92' lang='lat' dir='ltr'>im-</span> 
     </span>
     <span class='ocr_line' id='line_1_12' title="bbox 217 1532 1181 1616; baseline -0.002 -21"><span class='ocrx_word' id='word_1_81' title='bbox 217 1532 448 1615; x_wconf 90' lang='lat' dir='ltr'>perfectionem</span> <span class='ocrx_word' id='word_1_82' title='bbox 484 1542 618 1616; x_wconf 88' lang='lat' dir='ltr'>propter</span> <span class='ocrx_word' id='word_1_83' title='bbox 642 1533 913 1615; x_wconf 90' lang='lat' dir='ltr'>potentialitatem</span> <span class='ocrx_word' id='word_1_84' title='bbox 948 1533 1123 1605; x_wconf 84' lang='lat' dir='ltr'>adnexam,</span> <span class='ocrx_word' id='word_1_85' title='bbox 1146 1539 1181 1594; x_wconf 87' lang='lat' dir='ltr'>et</span> 
     </span>
     <span class='ocr_line' id='line_1_13' title="bbox 216 1639 1181 1722; baseline -0.002 -19"><span class='ocrx_word' id='word_1_86' title='bbox 216 1639 295 1703; x_wconf 92' lang='lat' dir='ltr'>nihil</span> <span class='ocrx_word' id='word_1_87' title='bbox 319 1639 383 1703; x_wconf 90' lang='lat' dir='ltr'>tale</span> <span class='ocrx_word' id='word_1_88' title='bbox 405 1649 454 1702; x_wconf 90' lang='lat' dir='ltr'>est</span> <span class='ocrx_word' id='word_1_89' title='bbox 489 1641 679 1722; x_wconf 89' lang='lat' dir='ltr'>ponendum</span> <span class='ocrx_word' id='word_1_90' title='bbox 704 1640 735 1703; x_wconf 92' lang='lat' dir='ltr'>in</span> <span class='ocrx_word' id='word_1_91' title='bbox 761 1640 843 1703; x_wconf 87' lang='lat' dir='ltr'>Deo.</span> <span class='ocrx_word' id='word_1_92' title='bbox 872 1640 1006 1703; x_wconf 89' lang='lat' dir='ltr'>Ponitur</span> <span class='ocrx_word' id='word_1_93' title='bbox 1029 1660 1108 1722; x_wconf 88' lang='lat' dir='ltr'>ergo</span> <span class='ocrx_word' id='word_1_94' title='bbox 1124 1659 1181 1721; x_wconf 89' lang='lat' dir='ltr'>ge-</span> 
     </span>
     <span class='ocr_line' id='line_1_14' title="bbox 217 1746 1181 1829; baseline -0.002 -20"><span class='ocrx_word' id='word_1_95' title='bbox 217 1746 341 1809; x_wconf 92' lang='lat' dir='ltr'>neratio</span> <span class='ocrx_word' id='word_1_96' title='bbox 363 1747 396 1810; x_wconf 91' lang='lat' dir='ltr'>in</span> <span class='ocrx_word' id='word_1_97' title='bbox 431 1747 547 1811; x_wconf 90' lang='lat' dir='ltr'>divinis</span> <span class='ocrx_word' id='word_1_98' title='bbox 581 1748 643 1810; x_wconf 90' lang='lat' dir='ltr'>sub</span> <span class='ocrx_word' id='word_1_99' title='bbox 677 1747 802 1810; x_wconf 90' lang='lat' dir='ltr'>ratione</span> <span class='ocrx_word' id='word_1_100' title='bbox 818 1746 1042 1829; x_wconf 78' lang='lat' dir='ltr'>productionis</span> <span class='ocrx_word' id='word_1_101' title='bbox 1074 1755 1110 1807; x_wconf 91' lang='lat' dir='ltr'>ut</span> <span class='ocrx_word' id='word_1_102' title='bbox 1132 1754 1181 1808; x_wconf 89' lang='lat' dir='ltr'>est</span> 
     </span>
     <span class='ocr_line' id='line_1_15' title="bbox 217 1851 1179 1937; baseline 0 -22"><span class='ocrx_word' id='word_1_103' title='bbox 217 1854 375 1916; x_wconf 90' lang='lat' dir='ltr'>terminus</span> <span class='ocrx_word' id='word_1_104' title='bbox 398 1854 558 1937; x_wconf 90' lang='lat' dir='ltr'>producti,</span> <span class='ocrx_word' id='word_1_105' title='bbox 583 1864 616 1917; x_wconf 88' lang='lat' dir='ltr'>et</span> <span class='ocrx_word' id='word_1_106' title='bbox 639 1875 705 1917; x_wconf 91' lang='lat' dir='ltr'>non</span> <span class='ocrx_word' id='word_1_107' title='bbox 729 1854 791 1916; x_wconf 92' lang='lat' dir='ltr'>sub</span> <span class='ocrx_word' id='word_1_108' title='bbox 822 1854 945 1916; x_wconf 90' lang='lat' dir='ltr'>ratione</span> <span class='ocrx_word' id='word_1_109' title='bbox 981 1851 1179 1927; x_wconf 88' lang='lat' dir='ltr'>mutationis,</span> 
     </span>
     <span class='ocr_line' id='line_1_16' title="bbox 218 1961 685 2042; baseline 0 -19"><span class='ocrx_word' id='word_1_110' title='bbox 218 1970 254 2022; x_wconf 92' lang='lat' dir='ltr'>ut</span> <span class='ocrx_word' id='word_1_111' title='bbox 277 1970 325 2023; x_wconf 91' lang='lat' dir='ltr'>est</span> <span class='ocrx_word' id='word_1_112' title='bbox 348 1961 531 2042; x_wconf 86' lang='lat' dir='ltr'>subjectum</span> <span class='ocrx_word' id='word_1_113' title='bbox 560 1962 685 2023; x_wconf 87' lang='lat' dir='ltr'>mutati.</span> 
     </span>
    </p>
   </div>
   <div class='ocr_carea' id='block_1_3' title="bbox 218 2174 1188 3642">
    <p class='ocr_par' dir='ltr' id='par_1_3' title="bbox 218 2174 1188 3642">
     <span class='ocr_line' id='line_1_17' title="bbox 290 2174 1184 2257; baseline -0.007 -18"><span class='ocrx_word' id='word_1_114' title='bbox 290 2174 355 2239; x_wconf 82' lang='lat' dir='ltr'>Be</span> <span class='ocrx_word' id='word_1_115' title='bbox 377 2174 568 2239; x_wconf 76' lang='lat' dir='ltr'>oeooaendo</span> <span class='ocrx_word' id='word_1_116' title='bbox 591 2174 790 2240; x_wconf 74' lang='lat' dir='ltr'>Artioulo</span> <span class='ocrx_word' id='word_1_117' title='bbox 813 2175 887 2237; x_wconf 86' lang='lat' dir='ltr'>dico</span> <span class='ocrx_word' id='word_1_118' title='bbox 909 2175 999 2257; x_wconf 89' lang='lat' dir='ltr'>quod</span> <span class='ocrx_word' id='word_1_119' title='bbox 1016 2174 1184 2256; x_wconf 84' lang='lat' dir='ltr'>generatio</span> 
     </span>
     <span class='ocr_line' id='line_1_18' title="bbox 220 2279 1181 2363; baseline 0 -21"><span class='ocrx_word' id='word_1_120' title='bbox 220 2280 291 2343; x_wconf 91' lang='lat' dir='ltr'>Filii</span> <span class='ocrx_word' id='word_1_121' title='bbox 315 2288 363 2342; x_wconf 88' lang='lat' dir='ltr'>est</span> <span class='ocrx_word' id='word_1_122' title='bbox 387 2290 518 2344; x_wconf 67' lang='lat' dir='ltr'>aeterna.</span> <span class='ocrx_word' id='word_1_123' title='bbox 543 2279 667 2342; x_wconf 90' lang='lat' dir='ltr'>Probo:</span> <span class='ocrx_word' id='word_1_124' title='bbox 693 2281 809 2363; x_wconf 85' lang='lat' dir='ltr'>Agens</span> <span class='ocrx_word' id='word_1_125' title='bbox 839 2302 882 2343; x_wconf 84' lang='lat' dir='ltr'>ex</span> <span class='ocrx_word' id='word_1_126' title='bbox 906 2302 939 2343; x_wconf 94' lang='lat' dir='ltr'>se</span> <span class='ocrx_word' id='word_1_127' title='bbox 962 2281 1126 2343; x_wconf 86' lang='lat' dir='ltr'>sufficiens</span> <span class='ocrx_word' id='word_1_128' title='bbox 1148 2289 1181 2342; x_wconf 91' lang='lat' dir='ltr'>et</span> 
     </span>
     <span class='ocr_line' id='line_1_19' title="bbox 218 2387 1182 2469; baseline -0.003 -19"><span class='ocrx_word' id='word_1_129' title='bbox 218 2409 237 2450; x_wconf 88' lang='lat' dir='ltr'>a</span> <span class='ocrx_word' id='word_1_130' title='bbox 262 2387 351 2449; x_wconf 89' lang='lat' dir='ltr'>nullo</span> <span class='ocrx_word' id='word_1_131' title='bbox 374 2387 571 2468; x_wconf 88' lang='lat' dir='ltr'>dependens,</span> <span class='ocrx_word' id='word_1_132' title='bbox 596 2387 779 2468; x_wconf 88' lang='lat' dir='ltr'>producens</span> <span class='ocrx_word' id='word_1_133' title='bbox 811 2408 867 2469; x_wconf 89' lang='lat' dir='ltr'>per</span> <span class='ocrx_word' id='word_1_134' title='bbox 892 2388 1030 2449; x_wconf 90' lang='lat' dir='ltr'>modurn</span> <span class='ocrx_word' id='word_1_135' title='bbox 1055 2396 1182 2448; x_wconf 82' lang='lat' dir='ltr'>naturae</span> 
     </span>
     <span class='ocr_line' id='line_1_20' title="bbox 218 2492 1181 2575; baseline -0.001 -19"><span class='ocrx_word' id='word_1_136' title='bbox 218 2503 251 2557; x_wconf 91' lang='lat' dir='ltr'>et</span> <span class='ocrx_word' id='word_1_137' title='bbox 274 2494 342 2555; x_wconf 90' lang='lat' dir='ltr'>sinc</span> <span class='ocrx_word' id='word_1_138' title='bbox 378 2502 480 2565; x_wconf 90' lang='lat' dir='ltr'>motu,</span> <span class='ocrx_word' id='word_1_139' title='bbox 506 2492 602 2555; x_wconf 90' lang='lat' dir='ltr'>habet</span> <span class='ocrx_word' id='word_1_140' title='bbox 639 2494 887 2575; x_wconf 90' lang='lat' dir='ltr'>productionem</span> <span class='ocrx_word' id='word_1_141' title='bbox 924 2493 983 2555; x_wconf 86' lang='lat' dir='ltr'>sibi</span> <span class='ocrx_word' id='word_1_142' title='bbox 1011 2513 1181 2564; x_wconf 85' lang='lat' dir='ltr'>coaevam;</span> 
     </span>
     <span class='ocr_line' id='line_1_21' title="bbox 220 2599 1183 2682; baseline -0.003 -18"><span class='ocrx_word' id='word_1_143' title='bbox 220 2601 277 2664; x_wconf 88' lang='lat' dir='ltr'>sed</span> <span class='ocrx_word' id='word_1_144' title='bbox 301 2600 365 2662; x_wconf 89' lang='lat' dir='ltr'>tale</span> <span class='ocrx_word' id='word_1_145' title='bbox 388 2620 488 2681; x_wconf 88' lang='lat' dir='ltr'>agens</span> <span class='ocrx_word' id='word_1_146' title='bbox 511 2609 560 2662; x_wconf 91' lang='lat' dir='ltr'>est</span> <span class='ocrx_word' id='word_1_147' title='bbox 576 2600 667 2662; x_wconf 89' lang='lat' dir='ltr'>Deus</span> <span class='ocrx_word' id='word_1_148' title='bbox 691 2600 783 2661; x_wconf 87' lang='lat' dir='ltr'>Pater</span> <span class='ocrx_word' id='word_1_149' title='bbox 801 2611 946 2682; x_wconf 86' lang='lat' dir='ltr'>respectu</span> <span class='ocrx_word' id='word_1_150' title='bbox 966 2599 1183 2681; x_wconf 84' lang='lat' dir='ltr'>generationis</span> 
     </span>
     <span class='ocr_line' id='line_1_22' title="bbox 220 2706 1182 2789; baseline 0 -20"><span class='ocrx_word' id='word_1_151' title='bbox 220 2706 310 2785; x_wconf 91' lang='lat' dir='ltr'>Filii;</span> <span class='ocrx_word' id='word_1_152' title='bbox 335 2728 414 2789; x_wconf 87' lang='lat' dir='ltr'>ergo</span> <span class='ocrx_word' id='word_1_153' title='bbox 440 2706 536 2769; x_wconf 88' lang='lat' dir='ltr'>habet</span> <span class='ocrx_word' id='word_1_154' title='bbox 560 2707 647 2768; x_wconf 91' lang='lat' dir='ltr'>illam</span> <span class='ocrx_word' id='word_1_155' title='bbox 673 2707 916 2787; x_wconf 86' lang='lat' dir='ltr'>generationem</span> <span class='ocrx_word' id='word_1_156' title='bbox 940 2707 999 2769; x_wconf 92' lang='lat' dir='ltr'>sibi</span> <span class='ocrx_word' id='word_1_157' title='bbox 1024 2727 1182 2769; x_wconf 82' lang='lat' dir='ltr'>coaevam.</span> 
     </span>
     <span class='ocr_line' id='line_1_23' title="bbox 220 2813 1182 2895; baseline -0.003 -18"><span class='ocrx_word' id='word_1_158' title='bbox 220 2814 286 2878; x_wconf 87' lang='lat' dir='ltr'>Sed</span> <span class='ocrx_word' id='word_1_159' title='bbox 302 2813 371 2895; x_wconf 88' lang='lat' dir='ltr'>ipse</span> <span class='ocrx_word' id='word_1_160' title='bbox 386 2822 434 2875; x_wconf 86' lang='lat' dir='ltr'>est</span> <span class='ocrx_word' id='word_1_161' title='bbox 450 2823 607 2887; x_wconf 77' lang='lat' dir='ltr'>aeternus3</span> <span class='ocrx_word' id='word_1_162' title='bbox 624 2834 704 2895; x_wconf 86' lang='lat' dir='ltr'>ergo</span> <span class='ocrx_word' id='word_1_163' title='bbox 728 2814 788 2875; x_wconf 89' lang='lat' dir='ltr'>ista</span> <span class='ocrx_word' id='word_1_164' title='bbox 804 2814 969 2895; x_wconf 86' lang='lat' dir='ltr'>generatio</span> <span class='ocrx_word' id='word_1_165' title='bbox 985 2823 1034 2876; x_wconf 90' lang='lat' dir='ltr'>est</span> <span class='ocrx_word' id='word_1_166' title='bbox 1050 2823 1182 2875; x_wconf 76' lang='lat' dir='ltr'>aeterna.</span> 
     </span>
     <span class='ocr_line' id='line_1_24' title="bbox 219 2920 1183 3003; baseline 0 -21"><span class='ocrx_word' id='word_1_167' title='bbox 219 2920 335 3003; x_wconf 87' lang='lat' dir='ltr'>Major</span> <span class='ocrx_word' id='word_1_168' title='bbox 356 2929 456 3002; x_wconf 84' lang='lat' dir='ltr'>patet,</span> <span class='ocrx_word' id='word_1_169' title='bbox 480 2920 557 3000; x_wconf 86' lang='lat' dir='ltr'>quia</span> <span class='ocrx_word' id='word_1_170' title='bbox 581 2920 605 2981; x_wconf 91' lang='lat' dir='ltr'>si</span> <span class='ocrx_word' id='word_1_171' title='bbox 630 2940 730 3002; x_wconf 86' lang='lat' dir='ltr'>agens</span> <span class='ocrx_word' id='word_1_172' title='bbox 754 2941 819 2982; x_wconf 92' lang='lat' dir='ltr'>non</span> <span class='ocrx_word' id='word_1_173' title='bbox 844 2930 952 3001; x_wconf 89' lang='lat' dir='ltr'>potest</span> <span class='ocrx_word' id='word_1_174' title='bbox 983 2920 1102 2983; x_wconf 88' lang='lat' dir='ltr'>habere</span> <span class='ocrx_word' id='word_1_175' title='bbox 1135 2920 1183 2982; x_wconf 89' lang='lat' dir='ltr'>ef-</span> 
     </span>
     <span class='ocr_line' id='line_1_25' title="bbox 219 3026 1183 3109; baseline 0 -19"><span class='ocrx_word' id='word_1_176' title='bbox 219 3026 340 3090; x_wconf 87' lang='lat' dir='ltr'>fectum</span> <span class='ocrx_word' id='word_1_177' title='bbox 366 3026 424 3087; x_wconf 89' lang='lat' dir='ltr'>sibi</span> <span class='ocrx_word' id='word_1_178' title='bbox 449 3047 609 3099; x_wconf 73' lang='lat' dir='ltr'>coaevum,</span> <span class='ocrx_word' id='word_1_179' title='bbox 640 3026 702 3088; x_wconf 92' lang='lat' dir='ltr'>hoc</span> <span class='ocrx_word' id='word_1_180' title='bbox 725 3036 773 3089; x_wconf 91' lang='lat' dir='ltr'>est</span> <span class='ocrx_word' id='word_1_181' title='bbox 800 3028 855 3089; x_wconf 81' lang='lat' dir='ltr'>vel</span> <span class='ocrx_word' id='word_1_182' title='bbox 875 3028 951 3108; x_wconf 89' lang='lat' dir='ltr'>quia</span> <span class='ocrx_word' id='word_1_183' title='bbox 985 3028 1183 3109; x_wconf 88' lang='lat' dir='ltr'>dependens,</span> 
     </span>
     <span class='ocr_line' id='line_1_26' title="bbox 220 3132 1184 3215; baseline -0.001 -19"><span class='ocrx_word' id='word_1_184' title='bbox 220 3134 275 3197; x_wconf 81' lang='lat' dir='ltr'>vel</span> <span class='ocrx_word' id='word_1_185' title='bbox 295 3134 372 3215; x_wconf 87' lang='lat' dir='ltr'>quia</span> <span class='ocrx_word' id='word_1_186' title='bbox 396 3132 599 3205; x_wconf 88' lang='lat' dir='ltr'>insufficiens,</span> <span class='ocrx_word' id='word_1_187' title='bbox 625 3134 680 3195; x_wconf 83' lang='lat' dir='ltr'>vel</span> <span class='ocrx_word' id='word_1_188' title='bbox 692 3134 768 3214; x_wconf 89' lang='lat' dir='ltr'>quia</span> <span class='ocrx_word' id='word_1_189' title='bbox 784 3154 849 3195; x_wconf 90' lang='lat' dir='ltr'>non</span> <span class='ocrx_word' id='word_1_190' title='bbox 873 3134 942 3215; x_wconf 90' lang='lat' dir='ltr'>agit</span> <span class='ocrx_word' id='word_1_191' title='bbox 965 3154 1021 3215; x_wconf 88' lang='lat' dir='ltr'>per</span> <span class='ocrx_word' id='word_1_192' title='bbox 1046 3134 1184 3195; x_wconf 92' lang='lat' dir='ltr'>modum</span> 
     </span>
     <span class='ocr_line' id='line_1_27' title="bbox 221 3238 1184 3321; baseline 0 -19"><span class='ocrx_word' id='word_1_193' title='bbox 221 3249 357 3312; x_wconf 85' lang='lat' dir='ltr'>naturae,</span> <span class='ocrx_word' id='word_1_194' title='bbox 383 3239 438 3301; x_wconf 79' lang='lat' dir='ltr'>vel</span> <span class='ocrx_word' id='word_1_195' title='bbox 457 3239 533 3320; x_wconf 89' lang='lat' dir='ltr'>quia</span> <span class='ocrx_word' id='word_1_196' title='bbox 564 3238 632 3320; x_wconf 91' lang='lat' dir='ltr'>agit</span> <span class='ocrx_word' id='word_1_197' title='bbox 656 3260 712 3321; x_wconf 90' lang='lat' dir='ltr'>per</span> <span class='ocrx_word' id='word_1_198' title='bbox 749 3249 886 3302; x_wconf 90' lang='lat' dir='ltr'>motum.</span> <span class='ocrx_word' id='word_1_199' title='bbox 913 3238 1038 3303; x_wconf 90' lang='lat' dir='ltr'>Omnes</span> <span class='ocrx_word' id='word_1_200' title='bbox 1072 3250 1184 3302; x_wconf 89' lang='lat' dir='ltr'>autem</span> 
     </span>
     <span class='ocr_line' id='line_1_28' title="bbox 222 3346 1185 3429; baseline 0.001 -21"><span class='ocrx_word' id='word_1_201' title='bbox 222 3348 292 3410; x_wconf 85' lang='lat' dir='ltr'>istae</span> <span class='ocrx_word' id='word_1_202' title='bbox 316 3346 566 3409; x_wconf 82' lang='lat' dir='ltr'>circumstantiae</span> <span class='ocrx_word' id='word_1_203' title='bbox 589 3347 809 3408; x_wconf 88' lang='lat' dir='ltr'>excluduntur</span> <span class='ocrx_word' id='word_1_204' title='bbox 833 3347 864 3408; x_wconf 93' lang='lat' dir='ltr'>in</span> <span class='ocrx_word' id='word_1_205' title='bbox 890 3348 1020 3429; x_wconf 79' lang='lat' dir='ltr'>rnajoro.</span> <span class='ocrx_word' id='word_1_206' title='bbox 1045 3347 1185 3409; x_wconf 87' lang='lat' dir='ltr'>Possunt</span> 
     </span>
     <span class='ocr_line' id='line_1_29' title="bbox 220 3452 1188 3536; baseline 0.002 -21"><span class='ocrx_word' id='word_1_207' title='bbox 220 3453 321 3515; x_wconf 88' lang='lat' dir='ltr'>etiam</span> <span class='ocrx_word' id='word_1_208' title='bbox 344 3454 385 3515; x_wconf 88' lang='lat' dir='ltr'>ad</span> <span class='ocrx_word' id='word_1_209' title='bbox 409 3453 503 3514; x_wconf 86' lang='lat' dir='ltr'>istam</span> <span class='ocrx_word' id='word_1_210' title='bbox 522 3452 772 3516; x_wconf 89' lang='lat' dir='ltr'>Conclusionem</span> <span class='ocrx_word' id='word_1_211' title='bbox 803 3453 921 3515; x_wconf 90' lang='lat' dir='ltr'>adduci</span> <span class='ocrx_word' id='word_1_212' title='bbox 942 3454 1188 3536; x_wconf 84' lang='lat' dir='ltr'>probabilitates</span> 
     </span>
     <span class='ocr_line' id='line_1_30' title="bbox 222 3559 1079 3642; baseline 0.002 -22"><span class='ocrx_word' id='word_1_213' title='bbox 222 3579 305 3639; x_wconf 86' lang='lat' dir='ltr'>quas</span> <span class='ocrx_word' id='word_1_214' title='bbox 327 3559 459 3621; x_wconf 89' lang='lat' dir='ltr'>adducit</span> <span class='ocrx_word' id='word_1_215' title='bbox 484 3560 639 3642; x_wconf 86' lang='lat' dir='ltr'>Magister</span> <span class='ocrx_word' id='word_1_216' title='bbox 663 3560 694 3621; x_wconf 90' lang='lat' dir='ltr'>in</span> <span class='ocrx_word' id='word_1_217' title='bbox 719 3561 832 3622; x_wconf 88' lang='lat' dir='ltr'>littera.</span> <span class='ocrx_word' id='word_1_218' title='bbox 858 3561 999 3642; x_wconf 89' lang='lat' dir='ltr'>Require</span> <span class='ocrx_word' id='word_1_219' title='bbox 1026 3561 1079 3623; x_wconf 91' lang='lat' dir='ltr'>ibi.</span> 
     </span>
    </p>
   </div>
   <div class='ocr_carea' id='block_1_4' title="bbox 0 0 1356 4209">
    <p class='ocr_par' dir='ltr' id='par_1_4' title="bbox 0 0 1356 4209">
     <span class='ocr_line' id='line_1_31' title="bbox 0 0 1356 4209; baseline 0 0"><span class='ocrx_word' id='word_1_220' title='bbox 0 0 1356 4209; x_wconf 95' lang='lat' dir='ltr'> </span> 
     </span>
    </p>
   </div>
  </div>
 </body>
</html>
