2684 4209
369 270 556 335 D1ss1ncs.
580 270 662 334 XIX
686 269 837 351 QUAEST.
861 270 892 333 11
1049 283 1111 349 253

172 476 250 539 libet
273 484 401 558 poterat
424 474 491 537 fieri
514 496 533 537 a
556 475 712 556 quolibet.
737 474 803 538 Sed
826 495 964 557 persona
987 495 1054 537 non
1079 495 1141 557 po-

172 583 258 644 nitur
281 582 326 645 sic
349 582 381 649 in
406 602 544 664 persona
566 582 651 644 sicut
674 602 749 663 pars
772 581 823 644 vel
846 581 969 663 aliquid
998 581 1079 663 ejus
1103 591 1140 645 et

171 690 245 752 ideo
269 709 335 756 non
358 688 504 770 seqnitur
528 687 684 751 conlusio.

237 795 296 861 Ad
314 795 491 857 secundum
515 778 651 877 negetur
667 794 885 876 Philosophus
900 815 920 857 a
934 793 1134 877 quibusdam

172 902 207 965 in
232 902 263 967 6.
288 900 405 983 Phys„
433 901 510 983 quia
526 901 707 963 secundum
730 922 787 964 eos
807 921 977 983 nunquam
1000 901 1067 964 duo
1091 901 1141 963 in-

172 1008 342 1071 divisibilia
365 1007 487 1070 iaciunt
503 1028 607 1070 unum
625 1008 825 1071 indivisibile.
844 1006 909 1071 Sed
930 1008 970 1070 de
995 1007 1057 1070 hoc
1074 1006 1136 1070 lor·

172 1124 205 1179 te
228 1115 304 1177 alias
328 1113 461 1177 dicetur.
486 1150 530 1161 -
554 1114 631 1176 ideo
655 1115 729 1177 dico
752 1114 853 1188 aliter,
877 1114 969 1196 quod
999 1114 1138 1177 indivisi·

172 1222 236 1284 bile
259 1230 307 1284 est
330 1222 454 1303 duplex
486 1220 605 1283 scilicet
633 1220 814 1304 positivum
837 1230 871 1283 et
899 1220 1134 1302 privativum:

174 1330 242 1391 dno
265 1337 375 1391 autem
399 1328 602 1390 indivisibilia
641 1328 818 1410 privativa
834 1328 860 1390 si
883 1336 959 1390 sunt
974 1327 1080 1401 simul,
1093 1326 1142 1390 sa-

175 1436 265 1498 ciunt
288 1456 390 1497 unum
415 1431 619 1509 indivisibile;
644 1436 711 1497 duo
727 1444 837 1498 autem
862 1434 1066 1497 indivisibilia
1083 1445 1139 1516 po-

175 1542 277 1605 sitiva
300 1542 325 1605 si
348 1550 425 1604 sunt
448 1542 553 1615 simul,
580 1563 749 1624 nunquam
774 1540 898 1604 faciunt
921 1562 1034 1603 unum.
1066 1542 1143 1603 Per-

174 1669 265 1711 sonae
289 1657 398 1740 autern
424 1648 543 1711 divinae
568 1668 633 1710 non
658 1657 734 1710 sunt
750 1647 959 1710 indivisibiles
981 1647 1142 1729 privative

173 1755 233 1817 sed
256 1755 394 1836 positive

243 1861 302 1923 Ad
322 1861 465 1923 ultiman
490 1861 563 1924 dico
586 1862 677 1943 quod
700 1862 834 1943 quando
857 1861 982 1942 aliquid
1004 1861 1074 1923 exit
1096 1860 1141 1923 ab

176 1969 239 2030 alio
263 1968 307 2030 sic
330 1968 421 2049 qnod
445 1967 653 2051 distinguitur
689 1977 804 2030 natura
827 1968 868 2029 ab
893 1967 957 2042 illo,
997 1988 1062 2029 non
1090 1977 1144 2030 est

177 2074 209 2136 in
233 2094 286 2150 eo;
311 2075 368 2136 sed
391 2074 524 2156 quando
547 2075 670 2156 aliquid
693 2074 762 2137 exit
784 2075 826 2137 ab
850 2073 959 2155 aliquo
983 2074 1026 2135 ita
1049 2074 1140 2155 quod

177 2180 297 2243 habeat
320 2180 459 2243 eandem
484 2189 634 2243 naturam
658 2181 690 2243 in
715 2201 853 2243 numero
865 2200 939 2243 cum
968 2201 1008 2243 eo
1031 2200 1050 2242 a
1072 2199 1147 2261 qno

176 2287 256 2361 exit,
280 2295 358 2349 tunc
382 2296 430 2349 est
453 2287 484 2349 in
508 2308 557 2349 eo,
584 2288 628 2350 Et
652 2287 697 2350 sic
719 2296 768 2349 est
791 2287 823 2350 in
848 2287 1030 2369 proposit03
1062 2307 1140 2350 nam

178 2393 279 2455 Filius
301 2394 371 2455 exit
394 2415 413 2455 a
436 2394 531 2456 Patre
554 2395 644 2476 qnod
683 2393 782 2456 habet
820 2395 959 2456 eandem
989 2404 1146 2458 naturam

177 2507 415 2562 numero'cum
440 2500 548 2575 Patre;
572 2521 674 2582 qnare
697 2522 763 2563 non
787 2502 882 2563 valet.

609 2832 712 3192 l
