2684 4209
231 155 272 221 50
462 140 535 201 Lrn.
561 140 574 201 I
599 139 894 202 Sauruurranuu

207 348 259 422 rei;
274 348 322 408 vel
328 346 414 429 finis
426 356 596 427 appareres,
612 344 668 429 qui
682 345 861 407 ostenditur
874 366 894 407 a
907 345 1029 407 ratione
1041 354 1169 407 errante

207 465 376 535 tamquam
413 451 484 513 finis
515 452 662 525 ultimus;
695 452 744 514 vel
768 452 856 534 finis
873 452 1080 532 praestitutus
1103 452 1172 515 sive

207 560 448 633 determinatus,
473 578 572 639 quem
601 559 753 621 voluntas
783 579 826 620 ex
857 579 915 621 sua
939 557 1085 623 libertate
1108 558 1168 621 sibi

207 666 400 730 determinat
423 674 593 747 tamquam
618 665 770 727 ultimum
794 664 903 739 finem,
928 664 1005 747 quia
1028 665 1110 729 sicut
1134 665 1167 726 in

209 780 368 855 potestate
390 772 565 833 voluntatis
588 780 636 833 est
660 771 751 845 velle,
781 771 824 834 ita
853 772 884 833 in
912 772 982 857 ejus
1010 781 1170 853 potestate

208 889 256 943 est
284 879 402 941 modus
429 878 568 940 volendi.
599 878 675 939 Non
703 886 752 939 est
779 886 888 940 autem
923 879 1168 961 intelligendum

209 987 297 1067 quod
333 984 414 1047 ratio
440 984 527 1067 finis
562 984 757 1065 inquantum
792 994 949 1066 respectus
972 985 1012 1048 sit
1040 984 1172 1067 proprie

210 1092 290 1154 ratio
314 1091 432 1171 objecti
456 1089 597 1165 fruibilis,
623 1091 861 1153 concomitatur
878 1101 988 1155 tamen
1004 1090 1172 1171 objectum

211 1198 345 1271 fruibile,
377 1197 453 1278 quia
485 1198 572 1259 nulla
603 1198 715 1260 relatio
744 1197 877 1261 rationis
906 1206 955 1263 est
985 1199 1027 1261 de
1057 1197 1173 1281 persei-

211 1314 277 1369 tate
300 1304 418 1385 objecti
443 1302 590 1378 beatifici,
616 1312 652 1367 ut
675 1302 862 1369 beatificum
884 1314 943 1369 est.

278 1516 339 1580 Ao
363 1530 508 1579 PRIMUM
536 1530 758 1581 numerante
789 1518 862 1579 dico
893 1517 983 1600 quod
1014 1516 1176 1600 Augusti-

213 1645 273 1686 nus
296 1624 412 1705 accipit
435 1622 620 1687 fruitionem
645 1624 738 1705 large
761 1644 821 1707 pro
844 1643 956 1687 amore
972 1622 1106 1696 honesti,
1126 1623 1172 1687 di-

212 1731 329 1793 stincto
352 1740 465 1793 contra
488 1750 635 1793 amorem
659 1730 753 1792 utilis
775 1739 808 1792 et
831 1730 1037 1793 delectabilis.

279 1837 337 1899 Ad
356 1837 531 1899 secundum
557 1837 631 1899 dico
655 1837 746 1919 quod
774 1835 845 1899 haec
873 1838 1035 1919 capacitas
1062 1837 1175 1901 volun·

214 1943 289 2007 tatis
320 1943 392 2006 licet
422 1943 463 2005 sit
494 1941 584 2005 finita
616 1942 801 2017 formaliter,
833 1952 882 2006 est
912 1952 1022 2007 tamen
1053 1941 1177 2006 infinita

215 2071 273 2134 per
285 2050 566 2132 participationem
580 2043 797 2122 habitualiter,
819 2059 855 2111 ut
874 2050 991 2112 dicitur
1010 2050 1052 2113 ad
1071 2050 1178 2132 objec-

215 2168 298 2230 tum,
311 2166 343 2219 et
356 2156 473 2237 objecti
486 2158 528 2219 ad
550 2156 727 2236 objectum,
748 2165 781 2219 et
800 2156 918 2236 objecti
938 2158 981 2219 ad
997 2156 1176 2237 potentiam

216 2272 264 2325 est
284 2263 388 2345 magis
408 2263 577 2345 proportio
597 2262 862 2325 dissimilitudinis
882 2284 982 2345 quam
1002 2262 1179 2326 similitudi-

216 2369 273 2431 nis.
289 2368 332 2432 Et
345 2368 418 2433 ideo
431 2369 514 2430 bene
527 2378 634 2450 potest
652 2370 814 2452 capacitas
825 2370 858 2431 in
870 2378 985 2433 natura
1004 2390 1073 2433 esse
1088 2367 1178 2431 finita

216 2484 249 2539 et
271 2485 382 2538 tamen
405 2476 447 2537 ad
474 2476 640 2555 objectum
666 2474 838 2538 infinitum.
858 2476 1055 2557 Exemplum
1073 2485 1179 2557 potest

216 2582 294 2664 poni
322 2582 364 2645 de
391 2583 524 2663 speculo
555 2583 692 2644 modicae
717 2582 905 2663 quantitatis
929 2591 1179 2665 repraesentante

218 2689 383 2770 objectum
409 2689 567 2751 maximae
591 2689 789 2769 quantitatis.
822 2689 932 2751 Etiam
963 2690 1004 2751 de
1035 2689 1181 2770 potentia

221 2797 323 2858 visiva
354 2817 429 2878 quae
467 2795 565 2858 habet
600 2796 768 2875 objectum
805 2796 959 2857 maximae
991 2795 1182 2877 quantitatis

222 2903 312 2985 quasi
337 2902 458 2965 infinite
481 2904 642 2965 excedens
665 2903 755 2984 quod
779 2912 885 2984 potest
908 2903 1160 2984 apprehendere.

289 3010 347 3073 Ad
366 3010 497 3071 tertium
522 3010 695 3071 dicendum
720 3010 810 3091 quod
838 3019 885 3071 est
915 3010 963 3071 nil
989 3010 1176 3090 apposituro,

221 3117 297 3199 quia
315 3116 397 3179 sicut
424 3115 529 3177 forma
550 3136 614 3177 non
636 3117 731 3177 satiat
750 3136 882 3177 omnem
908 3117 1090 3197 appetitum
1117 3135 1183 3175 ma-

221 3223 319 3296 teriae,
346 3224 402 3285 nisi
428 3224 480 3284 illa
504 3244 579 3303 quae
603 3223 746 3285 continet
776 3222 953 3284 eminenter
981 3242 1094 3284 omnes
1122 3219 1183 3282 for-

224 3350 292 3391 mas
315 3330 405 3402 alias;
431 3330 474 3390 ita
499 3329 623 3392 nullum
648 3330 813 3410 objectum
839 3329 932 3390 satiat
954 3338 1062 3391 totum
1086 3348 1184 3409 appe-

221 3436 317 3497 titum
342 3436 527 3508 voluntatis,
554 3437 612 3498 nisi
637 3438 727 3517 quod
751 3436 894 3498 continet
917 3436 1094 3497 eminenter
1115 3455 1185 3495 om-
