2684 4209
318 229 501 293 D1su1ncr.
526 228 656 291 XXXII
681 227 826 309 Qunsu.
843 229 873 292 11
1010 246 1074 310 339

487 432 665 515 Qunsuio
689 434 729 496 11.

445 593 591 656 Secundo
613 593 776 675 quaritur
788 616 800 654 .·

202 751 310 807 Utrum
328 750 418 806 Peter
435 753 465 806 ut
483 750 573 805 riuus
584 751 707 818 diligent
725 765 754 806 se
773 750 884 820 Splrltn
902 750 1016 807 Sunoto.

194 896 335 958 Videtur
357 896 447 977 quod
464 916 539 958 non.
569 913 595 958 1.
622 893 709 976 Quia
724 895 750 958 si
774 895 945 977 diligerent
967 916 1002 959 se
1019 895 1092 979 Spi-

122 1003 190 1065 ritu
214 1012 337 1077 sanct0,
361 1012 419 1064 aut
434 1002 568 1084 diligere
587 1003 790 1084 acciperetur
806 1002 1015 1065 essentialiter
1031 1013 1089 1066 aut

125 1110 341 1173 notionaliter.
374 1109 450 1171 Non
473 1108 690 1183 essentialiter,
723 1109 799 1191 quia
822 1129 914 1171 amor
944 1109 1093 1172 essentia-

121 1216 166 1278 lis
188 1237 254 1278 non
277 1225 326 1278 est
349 1214 656 1297 proprius'Spiritui
682 1214 821 1292 Sanct0;
854 1236 914 1278 nec
946 1216 1093 1279 notiona·

121 1323 207 1397 liter,
231 1323 308 1404 quia
330 1331 410 1384 tunc
432 1322 547 1384 eadem
572 1322 696 1384 ratione
719 1331 828 1403 posset
851 1321 913 1384 dici
944 1323 1038 1385 Pater
1061 1331 1094 1386 et

122 1429 230 1492 Filius
252 1429 376 1511 spirant
399 1428 519 1511 Spiritu
545 1428 677 1502 Sancte,
702 1429 793 1510 quod
815 1437 865 1490 est
888 1426 1015 1491 salsum.

195 1553 223 1598 2.
249 1537 417 1608 Praeterea,
441 1536 556 1597 eadem
588 1535 768 1598 dilectione·
787 1536 881 1597 Pater
913 1535 1019 1618 diligit
1043 1536 1093 1598 Fi·

121 1643 208 1704 lium
230 1662 296 1723 qua
311 1640 416 1723 diligit
439 1661 490 1717 se;
514 1641 571 1703 sed
587 1661 622 1702 se
637 1661 702 1702 non
727 1641 831 1722 diligit
852 1639 973 1722 Spiritu
995 1641 1093 1705 Sanc-

120 1757 180 1823 ·to;
204 1768 283 1829 ergo
306 1749 401 1810 Pater
430 1757 464 1809 et
496 1747 597 1809 Filius
628 1768 694 1810 non
725 1747 865 1829 diligunt
900 1769 934 1811 se
959 1747 1090 1831 ‘Spiritu

123 1854 263 1918 Sancto.

199 1959 327 2024 Contra.
352 1960 562 2043 Augustinus
577 1959 607 2023 6.
632 1961 671 2023 de
701 1961 731 2023 T
726 1960 790 2022 rin.
813 1960 961 2042 Spiritus
975 1962 1089 2044 inquit,

120 2068 268 2132 Sanctus
290 2077 339 2130 est
361 2088 429 2149 quo
453 2069 582 2149 genitus
605 2089 624 2128 a
648 2076 823 2149 generante
846 2067 999 2150 diligitur.

117 2213 121 2219 ·
196 2174 311 2238 Cinci
334 2186 446 2237 isurun
471 2173 727 2254 Qurnsriounu
751 2184 827 2236 sunt
843 2174 910 2236 duo
935 2175 1088 2242 Articuli.

115 2280 256 2356 Primo,
270 2279 406 2342 referam
430 2280 572 2343 diversas
587 2280 765 2361 opiniones
779 2277 933 2355 Secunde,
958 2282 1084 2345 dicetur

118 2388 169 2450 ad
194 2386 419 2468 Quaestionem
443 2386 624 2448 secundum
648 2386 828 2448 veritatem.

199 2601 422 2688 Quantum
451 2602 516 2667 ad
527 2601 745 2684 primum,
778 2611 826 2664 est
849 2619 929 2669 una
960 2599 1089 2686 opz‘nz'o

115 2729 200 2791 quae
217 2708 294 2771 dicit
310 2708 396 2770 illam
414 2707 669 2790 propositionem
686 2729 755 2770 esse
770 2707 895 2782 salsam,
919 2709 996 2790 quia
1017 2708 1089 2771 Au-

121 2815 276 2898 gostinus
300 2824 451 2877 retractat
474 2814 545 2877 Lib.
578 2833 608 2880 1.
632 2816 775 2877 Retract.
808 2815 991 2878 consimiles
1015 2836 1088 2896 pro-

116 2923 309 3005 positiones,
333 2943 410 2984 cum
426 2922 610 2984 retractavit
634 2922 739 2983 illam:
769 2923 862 2984 Pater
886 2931 935 2984 est
959 2922 1087 3004 sapiens

116 3029 281 3111 sapientia
304 3029 423 3112 genita.
440 3065 484 3076 —
505 3027 635 3101 Contra,
663 3029 874 3111 Augustinus
897 3050 963 3091 non
980 3029 1086 3092 solum

117 3137 264 3200 diversas
280 3137 429 3199 materias
452 3135 615 3217 sigillatim
632 3145 792 3210 retractat,
818 3136 874 3198 sed
895 3137 994 3198 etiam
1010 3157 1087 3199 ean·

114 3244 199 3306 -dem
224 3243 391 3306 materiam
423 3243 455 3304 in
479 3243 612 3305 diversis
643 3242 731 3304 libris
762 3241 902 3324 positam
936 3243 1086 3306 distincte

122 3358 284 3422 retractat,
308 3369 387 3432 ergo
412 3349 516 3410 multo
540 3347 644 3430 magis
668 3357 871 3411 retractasset
894 3349 981 3411 istas.

189 3451 281 3522 Alia
304 3458 362 3522 est
379 3451 511 3540 opimi)
533 3455 623 3536 quod
647 3455 742 3516 Pater
772 3463 805 3517 et
829 3454 929 3516 Filius
952 3453 1087 3537 diligant

115 3581 155 3624 se
172 3561 293 3644 Spiritu
318 3561 449 3636 Sancto,
466 3561 586 3624 scilicet
608 3561 640 3623 in
664 3561 788 3624 ratione
811 3560 905 3643 signi,
922 3561 999 3643 quia
1016 3561 1088 3644 Spi-
