2684 4209
264 223 323 284 108
504 221 577 284 Lm.
602 222 617 283 1
642 220 935 285 Saurenrmnou

299 446 330 504 4.
346 427 520 498 Praeterea,
538 426 748 488 universalius
762 434 796 488 et
812 425 1024 489 communius
1035 435 1199 507 quantum

230 534 274 596 ad
297 543 400 595 totam
425 554 517 596 suam
542 532 790 595 indifferentiam
814 553 881 595 non
899 541 1009 614 potest
1026 552 1202 613 repraesen-

231 640 291 702 tari
315 639 346 702 in
372 639 479 702 minus
503 639 689 719 universali;
717 640 774 701 sed
799 639 995 720 phantasma
1019 648 1067 700 est
1097 639 1129 700 in
1154 639 1204 703 in·

233 747 366 809 dividuo
389 755 421 808 et
445 746 747 828 repraesentativum
772 745 929 807 individui
937 765 945 820 ;
961 765 1041 827 ergo
1062 766 1127 807 non
1144 767 1202 828 po

228 863 296 915 test
319 863 551 934 repraesentare
576 853 756 915 universale
778 854 959 914 secundum
983 862 1088 914 totam
1104 872 1198 915 suam

234 959 498 1034 indifferentiam
523 980 603 1041 ergo
627 981 703 1021 cum
732 959 913 1020 intellectus
944 958 1101 1040 intelligat
1132 960 1202 1021 uni-

234 1067 356 1128 versale
380 1067 559 1128 secundum
584 1075 687 1128 totam
712 1087 805 1128 suam
830 1065 1085 1140 indifferentiam
1114 1087 1194 1148 ergo

234 1183 364 1254 oportet
386 1174 475 1254 quod
500 1182 750 1254 repraesentetur
775 1173 805 1235 in
830 1173 940 1253 aliquo
963 1173 1035 1246 ali0,
1066 1182 1100 1235 et
1130 1173 1194 1234 hoc

235 1300 300 1341 non
324 1289 372 1341 est
397 1279 453 1340 nisi
479 1280 613 1361 species;
639 1300 719 1360 ergo
742 1279 774 1340 in
799 1279 961 1341 intellectu
986 1289 1115 1360 oportet
1138 1301 1195 1360 po-

236 1407 311 1448 nere
334 1387 484 1468 speciem.

305 1507 331 1570 5.
357 1493 529 1564 Proeterea,
560 1493 705 1573 potentia
734 1492 935 1565 intellectiva,
969 1502 1005 1554 ut
1027 1492 1196 1574 distingui-

235 1609 288 1662 tur
311 1609 423 1662 contra
447 1600 643 1670 sensitivam,
668 1610 728 1661 aut
748 1610 852 1680 potest
882 1598 998 1661 habere
1027 1599 1194 1680 objectum

236 1727 331 1768 suum
358 1727 499 1787 praesens
516 1707 583 1767 sine
599 1707 759 1779 sensitiva,
776 1715 809 1767 et
825 1706 963 1767 habetur
980 1706 1195 1786 propositum3

236 1825 296 1874 ortt
318 1835 391 1884 reare,
420 1823 453 1874 et
477 1824 655 1894 sequuntur
672 1815 734 1874 dno
751 1813 1023 1874 inconvenientia:
1040 1813 1196 1874 Primum

235 1921 396 2001 estquod
420 1921 600 1981 intellectus
625 1941 690 1980 non
716 1920 834 2000 poterit
858 1939 927 1980 esse
950 1919 1019 1980 sine
1036 1939 1140 1992 sensu,
1158 1919 1199 1980 si-

236 2037 291 2088 cut
315 2026 422 2107 arguit
446 2026 661 2108 Philosophus
686 2028 720 2089 in
744 2027 884 2106 Prologo
908 2027 1039 2088 Linde
1062 2026 1195 2090 areima:

236 2134 327 2214 quod
351 2155 416 2195 non
441 2144 547 2214 potest
572 2134 690 2195 habere
706 2134 929 2214 operationem
948 2133 1111 2214 propriam
1128 2133 1199 2195 sine

237 2241 309 2309 alio,
335 2260 400 2302 non
426 2250 623 2321 potestesse
647 2240 714 2302 sine
737 2261 786 2311 e0,
811 2249 843 2301 et
867 2241 911 2302 sic
935 2241 1114 2302 intellectus
1131 2261 1198 2302 non

238 2357 439 2428 separaretur
462 2369 481 2407 a
505 2368 597 2408 sensu
624 2347 706 2409 sicut
730 2357 924 2427 perpetuum
954 2356 987 2408 et
1018 2345 1198 2427 perfectum

238 2475 257 2514 a
281 2453 489 2534 corruptibili,
522 2454 613 2534 cujus
638 2453 835 2515 contrarium
860 2452 997 2514 habetur
1020 2473 1050 2514 2.
1082 2455 1121 2514 dc
1152 2455 1199 2514 A·

240 2560 341 2622 rrirun.
355 2597 366 2605 -
380 2561 563 2622 Secundum
589 2560 817 2621 inconveniens
840 2571 933 2630 esset,
951 2560 1041 2640 quod
1061 2559 1200 2622 intellec·

240 2678 291 2728 tus
323 2667 395 2747 plus
426 2667 622 2746 dependeret
654 2689 673 2728 a
708 2689 801 2728 sensu
839 2688 941 2747 quam
977 2687 995 2728 e
1030 2687 1199 2735 converso,

239 2774 315 2854 quia
347 2794 458 2835 sensus
491 2783 596 2854 potest
629 2774 747 2835 habere
778 2774 1000 2854 operationem
1032 2774 1200 2854 propriam

240 2882 307 2942 sine
332 2881 507 2951 intellectu;
535 2881 714 2942 intellectus
737 2890 847 2941 autem
872 2900 940 2941 non
958 2890 1064 2960 potest
1081 2880 1202 2943 habere

241 2988 463 3069 operationem
490 2989 654 3068 propriam
679 2988 747 3049 sine
770 3009 875 3048 sensu.

314 3090 438 3160 Ultimo
462 3095 519 3154 sic:
547 3093 645 3174 Quod
678 3105 726 3154 est
758 3092 960 3173 perfectionis
992 3093 1023 3154 in
1055 3094 1203 3174 potentia

241 3200 388 3270 inferiori,
415 3212 492 3281 puta
517 3201 677 3268 sensitiva,
703 3221 769 3261 non
801 3210 849 3261 est
881 3202 1069 3281 negandum
1101 3221 1121 3260 a
1144 3221 1203 3281 po-

241 3308 341 3368 tentia
365 3308 535 3388 superiori;
561 3309 615 3368 sed
641 3307 760 3369 habere
783 3307 949 3387 objectum
966 3327 1110 3388 praesens
1126 3329 1203 3388 pro-

242 3415 310 3494 pria
335 3415 602 3494 praesentialitate,
628 3425 676 3475 est
701 3413 904 3494 perfectionis
928 3414 960 3475 in
986 3415 1132 3494 potentia
1156 3415 1203 3476 in—

243 3520 357 3593 feriori,
383 3531 461 3601 puta
485 3521 648 3594 sensitiva;
682 3542 760 3602 ergo
794 3541 858 3582 non
889 3531 938 3582 est
969 3521 1159 3602 negandum
1183 3543 1204 3583 a

243 3628 388 3708 potentia
412 3627 565 3708 superiori
591 3629 672 3688 sicut
696 3638 745 3689 cst
769 3628 976 3698 intellectiva;
1001 3648 1081 3709 ergo
1112 3627 1205 3689 intel-
