2684 4209
308 234 494 299 Drsrurcr.
520 234 634 297 XXXI
659 232 844 315 Qumsr.1
1004 248 1064 315 335

117 475 168 487 -
184 439 265 502 Alio
293 440 394 503 modo
416 440 534 503 dicitur
550 440 727 523 glossando
750 440 905 523 majorem
921 440 976 514 sic,
998 442 1088 522 quod

118 555 273 609 extrema
296 546 421 609 realiter
443 547 595 611 distincta
618 567 683 611 non
706 546 828 610 habent
851 547 933 609 duas
963 546 1090 611 relatio·

123 673 181 715 nes
204 654 304 716 reales
320 673 416 735 super
439 653 528 717 idem
545 651 795 717 fundamentum
816 653 1011 728 immediate,
1029 654 1087 717 sed

124 760 266 821 mediate
289 769 397 853 potest
418 781 504 838 esse;
528 769 562 823 et
584 760 630 823 sic
652 770 702 823 est
725 759 786 834 hic,
811 760 886 842 quia
914 761 975 823 ista
1009 762 1087 823 rela-

120 866 170 928 tio
194 866 378 929 communis
402 867 629 949 praesupponit
651 865 839 929 relationem
864 866 1005 949 originis.

189 973 249 1035 Ad
269 973 422 1036 ultimum
446 974 520 1036 dico
547 974 637 1055 quod
666 973 776 1037 Sancti
798 983 925 1055 ponunt
947 984 1089 1057 quatuor

121 1079 294 1142 relationes
316 1082 416 1143 reales
438 1080 471 1142 in
494 1080 610 1142 divinis
626 1080 791 1162 loquendo
815 1081 856 1143 de
878 1080 1087 1172 relationibus

121 1186 266 1268 originis,
290 1206 365 1268 quae
389 1195 465 1249 sunt
488 1186 647 1268 propriae;
679 1186 736 1249 sed
767 1205 833 1249 non
865 1196 997 1268 propter
1022 1186 1085 1249 hoc

119 1293 296 1356 intendunt
318 1294 492 1355 excludere
515 1293 685 1355 relationes
701 1295 799 1356 reales
815 1313 890 1375 quae
907 1303 983 1356 sunt
998 1313 1085 1356 com-

124 1419 253 1462 munes.

189 1611 251 1674 Ar>
275 1625 419 1675 ramum
435 1624 661 1688 parnenses,
679 1612 753 1675 dico
768 1613 858 1695 quod
875 1612 1000 1694 equale
1020 1634 1085 1681 non

119 1718 200 1781 dicit
224 1718 430 1801 negationem
454 1718 649 1800 simpliciter.
675 1718 868 1801 Distingunt
890 1729 1001 1783 tamen
1025 1718 1087 1782 Lo

120 1824 185 1906 gici
208 1826 251 1887 de
273 1825 406 1887 veritate
429 1825 657 1907 propositionis
681 1826 861 1888 secundum
885 1847 952 1889 rem
975 1835 1008 1888 et
1038 1846 1087 1889 se-

122 1932 268 1993 cundum
292 1952 409 2004 vocem,
436 1931 481 1993 ita
504 1931 595 2012 quod
617 1932 744 2014 aequale
768 1932 995 2013 quantum-ad
1025 1952 1083 1995 vo-

118 2057 193 2100 cem
217 2038 296 2101 dicit
318 2038 536 2120 negationem,
560 2047 594 2100 et
616 2047 777 2120 quantum
801 2038 843 2101 ad
866 2058 935 2101 rem
952 2058 1018 2101 non
1034 2039 1079 2101 di-

118 2144 168 2206 cit
191 2145 413 2226 negationem.

187 2252 248 2313 Ad
265 2252 441 2315 secundum
464 2251 538 2315 dico
561 2253 651 2334 quod
679 2252 853 2333 aequalitas
882 2260 990 2333 potest
1020 2252 1082 2315 du-

119 2357 245 2439 pliciter
260 2358 372 2441 accipi,
388 2359 508 2422 scilicet
514 2358 818 2441 fundamentaliter
832 2367 865 2420 et
877 2358 1081 2440 formaliter.

121 2465 231 2527 Primo
256 2465 355 2527 modo
378 2465 455 2528 dicit
478 2465 704 2540 substantiam,
728 2466 805 2547 quia
828 2464 1084 2529 fundamentum

118 2580 169 2634 est
191 2572 373 2634 substantia
396 2572 529 2646 realiter,
554 2573 700 2635 secundo
724 2573 824 2634 modo
848 2571 1003 2654 importat
1035 2594 1083 2635 re-

120 2678 286 2741 lationem.

187 2784 248 2846 Ad
266 2783 420 2847 ultimum
444 2794 601 2877 patet'ex
624 2784 718 2847 dictis
742 2784 829 2846 Dz'st.
853 2803 874 2847 2
872 2802 914 2867 )’;
934 2804 1010 2846 nam
1035 2806 1083 2847 re·

120 2890 257 2953 lationes
279 2891 386 2972 primo
408 2892 611 2955 constituunt
623 2910 777 2973 personas
789 2911 864 2972 quae
888 2889 994 2971 primo
1013 2891 1084 2971 pul-

119 2996 225 3058 lulant
247 2996 279 3057 in
302 2998 439 3060 essentia
448 3020 456 3075 ;
487 2999 543 3061 sed
575 2997 744 3065 relationes
775 2997 906 3079 originis
938 2996 1026 3078 prius
1049 2996 1082 3059 in

116 3103 257 3166 essentia
280 3104 441 3184 pullulant
462 3124 563 3186 quam
587 3090 757 3168 relationes
780 3124 982 3177 communes,
1008 3103 1081 3165 ideo

119 3209 290 3272 relationes
313 3210 445 3293 originis
472 3212 675 3276 constituunt
706 3230 860 3293 personas
883 3218 915 3273 et
947 3231 1013 3274 non
1037 3230 1085 3273 re-

120 3315 257 3379 lationes
279 3337 483 3380 communes.
