2684 4209
241 194 286 273 64
494 198 569 260 Lm.
594 200 608 261 Ι
634 189 930 261 Snurnnrmn'un

221 401 374 475 materiae,
399 402 483 465 sicut
504 412 552 465 est
576 404 608 465 in
632 402 810 485 proposito,
836 402 898 465 boc
922 403 1027 467 dicere
1055 414 1104 465 est
1134 425 1186 467 er·

220 529 367 571 roneum.

287 614 332 677 Et
356 625 511 696 praeterea
535 625 648 677 contra
672 615 923 678 fundamentum
940 616 1031 680 istius
1058 617 1187 699 opinio·

220 722 268 783 nis
292 731 368 783 sunt
393 724 504 785 multae
528 723 747 785 auctoritates.
781 722 944 803 Supponit
974 723 1060 785 enim
1092 725 1183 805 quod

222 828 446 909 multiplicatio
469 829 710 891 individuorum
735 828 791 890 fiat
815 850 872 910 per
889 829 1068 903 materiam,
1093 831 1186 910 quod

149 1000 151 1005 ,
220 934 384 1015 improbat
408 934 656 999 Commentator
678 956 709 998 2.
734 937 773 998 de
796 936 921 997 anima.
945 956 1023 997 com.
1053 955 1084 997 2.
1108 946 1140 998 et
1157 955 1184 1015 J

220 1050 252 1103 et
276 1041 447 1104 Avicenna
469 1062 499 1104 2.
525 1042 670 1123 iliataple.
696 1064 721 1104 c.
747 1043 816 1115 ala,
841 1043 923 1103 sicut
948 1042 1061 1104 melius
1078 1042 1170 1104 decla

221 1147 343 1209 rabitur
367 1149 419 1210 lib.
445 1166 473 1211 2.
499 1149 571 1211 dist.
598 1166 626 1227 3.

289 1256 363 1318 Ideo
379 1256 539 1337 probatur
561 1256 619 1317 ista
650 1256 741 1317 aliter
770 1255 829 1318 sie:
863 1254 1006 1335 Quando
1037 1256 1186 1338 potentia

220 1360 412 1424 exhauritur
435 1384 491 1443 per
515 1382 617 1424 unum
630 1372 750 1435 actum,
761 1382 826 1424 non
843 1372 949 1443 potest
959 1363 989 1423 in
1010 1363 1109 1424 alium
1129 1384 1183 1425 ac·

221 1476 293 1529 tum
325 1469 470 1550 ejusdem
503 1469 649 1543 rationis;
682 1470 738 1531 sed
770 1470 801 1531 in
841 1469 936 1530 unica
975 1468 1046 1531 Filii
1085 1490 1186 1551 gene-

223 1576 345 1638 ratione
360 1576 549 1637 exhauritur
565 1585 633 1637 tota
650 1576 795 1656 potentia
811 1576 1002 1657 generandi;
1020 1596 1100 1657 ergo
1115 1595 1182 1637 non

221 1690 328 1763 potest
352 1682 383 1743 in
408 1682 507 1744 alium
531 1693 640 1744 actum
666 1682 812 1763 ejusdem
837 1682 978 1744 rationis.

287 1789 364 1851 Alio
402 1789 492 1851 niodo
517 1789 676 1869 probatur
705 1789 818 1851 eadem
851 1788 1025 1851 Conclusio
1049 1787 1093 1850 sic
1125 1808 1185 1869 per

221 1895 375 1959 Scotum:
409 1894 442 1958 Si
474 1904 604 1975 possent
635 1916 704 1957 esse
735 1896 776 1957 ibi
809 1896 916 1976 plures
947 1894 1187 1976 productiones

220 2002 366 2083 ejusdem
390 2002 530 2075 rationis
562 2023 641 2083 ergo
671 2012 704 2063 et
735 2001 882 2075 infinitae;
918 2011 951 2062 et
984 2001 1009 2062 si
1046 2010 1185 2082 possunt

220 2129 288 2171 esse
312 2108 455 2179 infinitae,
479 2129 558 2190 ergo
583 2108 760 2170 necessario
791 2117 876 2180 sunt,
909 2108 1003 2189 quia.
1024 2107 1100 2169 nihil
1132 2117 1183 2169 est

220 2213 262 2276 ibi
287 2214 345 2276 nisi
369 2216 592 2276 necessarium.
610 2214 772 2276 Ultimum
788 2235 978 2294 consequens
993 2223 1042 2276 est
1058 2215 1183 2295 impos-

219 2321 318 2393 sibile,
342 2343 421 2403 ergo
452 2331 484 2383 et
514 2323 710 2383 aittaccdens.
748 2320 979 2402 Consequentia
1012 2321 1182 2402 probatur,

219 2429 295 2509 quia
319 2429 451 2509 quando
476 2439 589 2489 natura
613 2448 679 2489 non
703 2428 896 2490 determinat
914 2449 1015 2489 mmm
1039 2428 1184 2508 pra‘cise,

221 2554 287 2597 non
311 2545 446 2615 possunt
470 2556 537 2596 esse
561 2543 610 2596 tot
634 2535 714 2616 quin
739 2545 875 2616 possunt
899 2555 967 2596 esse
996 2535 1118 2614 plures,
1151 2543 1187 2594 et

220 2642 317 2703 etiam
350 2641 500 2723 infinita,
526 2642 707 2703 secundum
732 2642 938 2703 Avicennam
973 2660 1003 2702 2.
1034 2638 1182 2719 Metapa.

224 2756 306 2829 'ergo
338 2748 362 2809 si
388 2748 417 2808 in
443 2748 557 2809 divinis
581 2758 687 2809 essent
711 2750 818 2830 plnres
841 2747 905 2819 filii,
941 2767 1020 2829 ergo
1051 2756 1084 2808 et
1115 2745 1185 2807 infi-

220 2855 287 2916 niti.
301 2854 466 2916 Probatur
477 2875 532 2935 per
546 2854 784 2936 Augustinum
797 2866 908 2916 contra
921 2854 1067 2916 Maxim.
1082 2853 1136 2915 lib.
1147 2871 1183 2934 j.

221 2961 274 3023 ubi
300 2962 367 3022 vult
391 2961 480 3042 quod
505 2961 530 3021 si
555 2960 654 3023 Filius
679 2971 787 3042 posset
811 2982 973 3043 generare,
998 2969 1089 3041 pater
1123 2958 1182 3021 ha-

114 3140 121 3158 ·
220 3069 308 3129 beret
333 3078 503 3147 nepotem;
536 3077 567 3128 et
598 3077 677 3129 tune
708 3068 873 3148 generatio
904 3088 969 3129 non
1002 3076 1085 3129 esset
1117 3076 1182 3128 ter-

220 3175 351 3247 minata,
376 3174 431 3235 scd
457 3184 564 3255 posset
588 3175 632 3235 ire
656 3175 687 3234 in
712 3174 884 3235 infinitum.

286 3276 454 3352 Praeterea,
468 3282 558 3361 qnod
571 3292 619 3342 est
632 3302 675 3341 ex
688 3302 721 3341 se
733 3282 886 3362 quaedanr
900 3280 1104 3361 singularitas
1115 3299 1182 3341 non

219 3398 326 3467 potest
351 3388 555 3468 multiplicari
581 3388 610 3449 in
644 3389 736 3469 plura
766 3388 912 3467 ejusdem
944 3386 1093 3460 rationis;
1124 3386 1182 3446 sed

219 3494 330 3555 filiatio
354 3494 419 3555 sive
443 3494 574 3575 spiratio
597 3505 645 3555 est
668 3516 710 3555 ex
729 3516 762 3555 se
779 3493 933 3575 quadam
957 3490 1180 3573 singularitas;

218 3622 298 3681 ergo
329 3601 453 3661 nullum
486 3601 613 3661 illorum
636 3610 751 3682 ¹potest
792 3599 994 3681 multiplicari
1030 3599 1060 3660 in
1085 3599 1179 3680 plura
