2684 4209
248 344 311 407 302
535 328 609 391 Lm.
634 328 649 390 Ι
673 322 966 391 Sanpnmmnvn

226 541 310 607 tum,
334 534 390 595 sed
414 532 499 615 quia
513 529 675 614 significat
697 511 823 594 diversa
846 531 1021 613 objective;
1034 532 1093 594 sed
1124 551 1197 593 ver-

226 640 307 702 bum
331 660 397 702 non
420 640 464 702 sic
488 638 658 721 significat,
676 628 760 721 'quia
790 636 951 721 significat
990 648 1196 721 conceptum

225 746 344 808 mentis
366 756 438 808 uta
461 766 528 828 quo
551 755 692 819 emanat,
721 734 789 809 rem
813 756 924 809 autem
963 743 1128 827 significat
1155 754 1197 807 ut

222 852 401 933 objectum.
720 840 721 843 ¹

292 1065 356 1131 De
378 1066 570 1130 necundo
592 1063 795 1131 Arttonlo
817 1073 893 1127 sunt
918 1063 1089 1151 opiniones
1104 1064 1195 1126 duae.

229 1166 316 1239 Una
340 1167 506 1238 Henricz'
526 1172 581 1253 qui
605 1171 684 1233 dicit
709 1172 798 1252 quod
822 1171 959 1233 verbum
984 1190 1050 1233 non
1074 1180 1124 1233 est
1148 1172 1196 1232 in-

222 1278 367 1339 tellectio
390 1264 534 1350 actualis
551 1278 608 1339 sed
631 1287 680 1339 est
704 1277 817 1340 notitia
840 1277 1044 1339 declarativa.
1071 1277 1198 1339 Modus

226 1393 338 1446 autem
362 1405 440 1447 suus
463 1384 606 1466 ponendi
620 1393 678 1446 ¹est
701 1385 768 1446 iste:
793 1384 908 1445 Primo
942 1384 1021 1446 dicit
1051 1384 1195 1447 intellec-

226 1500 298 1552 tum
321 1512 391 1553 esse
413 1492 550 1565 nudum,
582 1500 615 1552 et
638 1491 696 1553 iste
727 1490 906 1553 intellectus
933 1491 1041 1553 nudus
1078 1491 1196 1572 recipit

228 1597 377 1659 notitiam
402 1598 443 1659 ab
467 1598 613 1678 objecto;
638 1619 713 1679 quae
738 1607 872 1659 vocatur
889 1598 1002 1660 notitia
1015 1598 1195 1660 essentialis

226 1704 258 1765 in
283 1725 349 1785 qua
373 1704 588 1767 intellectione
611 1704 792 1766 intellectus
820 1713 869 1765 est
904 1724 986 1785 pure
1027 1704 1193 1785 passivus:

225 1812 363 1873 secundo
379 1812 469 1892 quod
485 1812 664 1873 intellectus
680 1821 729 1873 est
745 1810 963 1893 immaterialis
978 1819 1010 1872 et
1030 1812 1196 1874 convertit

226 1937 262 1978 se
285 1938 383 1997 supra
406 1939 449 1991 se,
473 1927 507 1979 et
529 1918 710 1979 intellectus
733 1916 925 1979 informatus
952 1917 1068 1979 notitia
1093 1918 1195 1999 priori

225 2024 383 2104 exprimit
411 2023 558 2086 notitiam
590 2025 819 2086 declarativam
851 2024 883 2085 in
914 2044 980 2106 qua
1010 2024 1195 2087 intellectus

223 2129 270 2191 sic
294 2129 486 2192 informatus
509 2152 543 2192 se
566 2130 663 2192 habet
688 2131 801 2205 active,
826 2139 858 2192 et
881 2131 942 2217 ista
958 2130 1072 2193 notitia
1089 2132 1195 2193 decla-

225 2236 328 2298 rativa
350 2237 465 2298 dicitur
489 2236 635 2299 verbum.
661 2238 706 2299 Et
740 2236 948 2299 consimiliter
986 2238 1080 2318 ponit
1114 2238 1195 2300 Ver-

225 2343 305 2405 bum
323 2344 354 2404 in
371 2344 499 2421 divinis;
517 2344 609 2425 ponit
626 2345 712 2405 enim
729 2345 818 2425 quod
836 2336 1010 2426 generatur
1035 2344 1192 2406 Verbum

223 2450 372 2511 divinum
397 2471 453 2531 per
476 2450 719 2512 conversionem
745 2451 924 2513 intellectus
949 2451 1075 2532 paterni
1093 2472 1193 2533 supra

225 2556 424 2619 intellectum
449 2556 659 2619 informatum
684 2558 797 2619 notitia
820 2558 967 2639 simplici.
1073 2626 1074 2631 η

298 2661 417 2725 Contra
442 2663 538 2725 istam
563 2665 742 2744 opinionem
772 2646 922 2745 objicitur
945 2666 1008 2727 sic:
1041 2665 1119 2746 quia
1153 2666 1194 2727 ir-

226 2770 381 2831 rationale
398 2770 525 2831 videtur
540 2771 678 2832 eandem
704 2772 883 2851 potentiam
899 2792 968 2833 esse
987 2772 1129 2833 activam
1148 2793 1194 2834 re·

229 2886 340 2957 spectu
367 2877 462 2938 unius
485 2887 586 2949 actus,
611 2888 644 2939 et
675 2878 837 2959 passivam
869 2890 1016 2960 respectu
1048 2879 1191 2953 alterius;

225 2984 313 3045 visus
337 2984 423 3044 enim
448 3004 513 3044 non
538 2994 586 3045 est
615 2986 761 3065 passivus
792 2994 938 3066 respectu
972 2985 1067 3047 unius
1099 2996 1193 3047 actus

226 3090 369 3162 videndi,
393 3100 426 3151 et
442 3090 566 3152 activus
582 3102 729 3172 respectu
747 3092 893 3165 alterius;
910 3112 990 3173 ergo
1010 3092 1194 3154 intellectus

226 3217 294 3258 non
318 3206 367 3257 est
390 3198 515 3258 activus
538 3208 684 3278 respectu
711 3199 834 3260 notitiae
864 3198 1027 3279 simplicis
1059 3210 1091 3260 et
1123 3220 1194 3279 pas-

225 3303 316 3364 sivus
340 3313 486 3384 respectu
512 3304 635 3365 notitiae
660 3306 874 3367 declarativae.
915 3314 922 3329 '

296 3410 470 3481 Praetereo,
499 3411 524 3472 si
549 3411 602 3472 illa
626 3412 740 3474 notitia
770 3413 945 3475 essentialis
976 3412 1025 3473 vel
1050 3412 1191 3493 simplex

224 3526 275 3577 est
292 3516 486 3597 principium
503 3518 708 3580 declarativas
726 3520 859 3595 notitiae,
874 3518 936 3581 lroc
952 3528 1000 3581 est
1016 3528 1074 3581 aut
1089 3538 1192 3600 quan-

226 3623 271 3684 do
286 3631 345 3695 est,
362 3631 418 3684 aut
433 3625 565 3703 quando
582 3645 647 3686 non
664 3634 723 3687 est.
742 3626 775 3689 Si
799 3627 932 3707 quando
948 3635 1005 3703 est,
1023 3636 1102 3689 tunc
1117 3626 1187 3689 duo

225 3736 319 3790 actus
334 3737 430 3790 erunt
445 3729 540 3791 simul
557 3730 589 3791 in
606 3732 721 3793 eadem
738 3734 893 3813 potentia.
919 3716 1103 3816 Siquando
1123 3754 1190 3796 non

225 3841 287 3909 est,
310 3854 390 3915 ergo
413 3852 480 3897 non
501 3843 552 3897 est
573 3855 672 3898 causa
695 3838 851 3919 gignendi
866 3860 935 3905 ens,
