2684 4209
269 267 335 344 438
538 266 613 332 Lm.
640 267 653 329 Ι
678 266 978 331 Sanannrmntnr

247 481 357 534 autem
393 481 525 554 propter
556 471 797 536 deformitatem
830 484 862 537 et
894 476 1051 538 rationem
1082 473 1202 537 delecti--

248 599 335 641 vam.

315 791 522 858 Secunda
551 793 785 859 Conclusio
807 804 856 856 est
880 795 994 876 opinio
1017 795 1209 876 aliquorum,

247 899 337 980 quod
369 901 460 961 Deus
491 909 599 980 potest
630 901 807 982 praecipere
840 903 965 962 malum
998 901 1206 970 materialiter,

247 1006 381 1086 quando
403 1006 523 1067 scilicet
545 1015 629 1068 esset
655 1007 777 1068 malum
803 1007 862 1068 nisi
887 1005 976 1069 fieret
1000 1028 1042 1068 ex
1068 1028 1208 1088 praecep-

247 1121 282 1174 to
307 1112 379 1185 Dei,
403 1112 480 1194 quia
504 1115 594 1174 Deus
617 1123 725 1194 potest
750 1114 928 1195 praecipere
953 1114 1033 1176 illud
1058 1115 1145 1177 unde
1167 1135 1209 1176 se
1293 1177 1295 1218 1

248 1219 357 1300 quitur
382 1219 523 1294 bonum;
549 1221 605 1281 sed
630 1221 734 1282 multa
751 1222 836 1282 mala
860 1231 935 1284 sunt
962 1242 1038 1303 quae
1062 1222 1209 1284 videntur

248 1326 343 1398 mala,
374 1336 406 1387 et
437 1346 479 1388 ex
510 1327 554 1387 eis
586 1326 731 1408 sequi-tur
766 1348 925 1408 magnum
959 1329 1096 1400 bonum,
1131 1330 1211 1390 sicut

247 1431 336 1493 verbi
361 1433 481 1512 gratia:
507 1433 540 1495 Si
565 1435 656 1495 Deus
681 1433 828 1515 praecipit
859 1435 949 1516 quod
980 1435 1115 1516 aliquod
1140 1435 1213 1496 alie·
1294 1509 1295 1520 χ

247 1559 326 1600 num
350 1539 390 1600 sit
415 1559 525 1601 meum
549 1540 729 1621 proprium,
746 1539 771 1602 si
795 1541 920 1622 accipio
953 1539 1014 1602 hoc
1039 1542 1207 1622 proprium
1294 1537 1295 1564 ³

246 1645 315 1725 jam
340 1667 405 1706 non
429 1656 478 1707 est
503 1647 626 1707 malum
650 1648 706 1708 sed
731 1647 866 1709 bonum.
1104 1709 1108 1715 ,
1292 1671 1295 1760 p

314 1752 358 1812 Et
382 1773 437 1832 per
470 1751 531 1813 hoc
555 1763 644 1833 patet
676 1754 717 1814 ad
743 1754 885 1835 primum
919 1755 1107 1835 principale.
1135 1775 1208 1817 nam
1293 1763 1295 1772 ’

247 1859 402 1939 praecepit
444 1857 515 1919 filiis
547 1860 641 1921 lsrael
676 1869 710 1920 ut
745 1861 927 1941 acciperent
958 1862 1000 1922 ab
1040 1863 1211 1944 AEgyptiis

246 1987 332 2036 vasa,
356 1975 416 2025 etc.
442 1965 517 2046 quia
541 1965 692 2047 AEgyptii
717 1977 931 2048 gravaverant
956 1967 1037 2029 lilios
1062 1969 1159 2030 lsrael
1178 1983 1208 2031 et

246 2069 534 2134 damnificaverant
572 2093 628 2134 eos
663 2072 695 2134 in
731 2074 824 2136 bonis
863 2076 1096 2155 corporalibus.
1137 2077 1211 2138 lden

244 2177 333 2257 justo
365 2177 486 2257 judicio
532 2199 569 2240 ea
614 2200 690 2260 quae
725 2191 817 2243 erant
858 2181 1095 2262 AEgyptiorum
1134 2185 1207 2244 data

248 2292 324 2345 sunt
347 2281 418 2344 filiis
442 2285 536 2346 lsrael
561 2307 580 2346 a
605 2287 688 2348 Deo,

314 2391 372 2452 Ad
390 2393 565 2453 srcnmlum
582 2393 757 2454 dicendum
771 2395 949 2455 secundnm
964 2396 1102 2476 aliqum,
1120 2397 1209 2477 quod

248 2497 307 2558 ista
316 2496 484 2559 fornicatio
498 2498 898 2580 intelligiturspiritualiter
910 2513 942 2562 et
956 2521 1020 2563 non
1030 2504 1211 2570 carnaliter:

247 2613 279 2663 et
296 2603 408 2664 mulier
432 2605 491 2665 ista
515 2626 615 2685 quam
631 2607 720 2667 Deus
739 2607 933 2687 praecepitei
954 2608 1100 2689 accipere
1117 2608 1212 2670 suerit
1260 2667 1264 2678 ,

248 2710 385 2790 gentilia
410 2711 502 2772 etsie
527 2711 630 2773 fuerat
653 2711 810 2774 fornicata
840 2735 858 2775 a
888 2714 959 2775 Deo
992 2735 1048 2795 per
1081 2715 1215 2777 idolola-

247 2816 352 2876 triam.
378 2817 410 2879 Si
440 2827 550 2879 autem
584 2819 781 2899 intelligatur
811 2821 980 2882 carnaliter
1012 2831 1120 2902 potest
1151 2821 1211 2885 dici
1290 2887 1291 2898 χ

247 2923 336 3003 quod
372 2924 460 3004 prius
492 2907 595 2987 fuerat
626 2925 792 2996 fornicata,
833 2928 889 2989 sed
920 2929 1055 3008 quando
1085 2929 1215 3012 accepit
1290 2899 1291 2969 l

246 3049 330 3103 eam,
354 3032 478 3112 accepit
502 3032 589 3093 illam
614 3032 645 3095 in
670 3053 809 3096 uxorem
834 3035 1009 3116 propriam.
