2684 4209
246 199 311 277 278
512 198 586 261 Lm.
610 199 624 261 1
649 198 942 262 Saursurmnuu

288 404 348 467 Ad
367 403 508 477 tertium,
533 413 669 486 negetur
693 405 809 477 minor,
833 404 910 486 quia
945 423 1082 485 persona
1108 404 1194 467 dicit

222 510 475 585 subsistentiam,
499 518 531 572 et
547 511 752 574 subsistentia
776 532 840 573 non
866 511 943 573 dicit
967 511 1189 594 negationem,

223 617 280 679 sed
304 617 516 698 positionem
533 628 656 680 etcum
682 619 848 699 probatur,
873 617 950 680 dicit
973 617 1191 680 incommuni-

222 723 420 786 cabilitatem
444 745 520 806 quae
543 733 592 786 est
616 725 756 806 negatio,
782 724 855 787 dico
878 724 968 807 quod
990 725 1050 786 ista
1066 725 1192 786 incom-

223 831 460 893 municabilitas
483 831 560 893 dicit
583 831 750 893 entitatem
775 832 864 894 alteri
882 852 947 894 non
968 832 1190 894 communica-

223 937 330 1011 bilem,
354 938 454 1001 etsie
478 946 526 1000 est
549 938 581 1000 in
605 939 782 1020 proposito,
807 947 867 1000 etc.

588 1149 764 1233 Quffismo
789 1115 828 1214 u.

294 1309 382 1386 Quia
405 1332 479 1373 vero
503 1312 538 1373 in
556 1312 739 1392 perrultz'mo
761 1311 902 1392 capitulo
926 1312 1022 1374 istius
1053 1312 1188 1374 Distin-

222 1417 347 1490 ctionis,
370 1418 494 1480 scilicet
516 1418 583 1481 ibi:
609 1419 677 1479 Iam
702 1419 905 1491 sufficienter,
927 1428 1048 1481 tractat
1069 1419 1190 1500 Magi·

221 1533 288 1586 ster
309 1525 349 1586 de
373 1545 448 1598 uno,
474 1525 543 1587 ideo
565 1525 745 1606 quaeritur:

364 1681 472 1737 Utrum
489 1697 539 1737 ens
556 1684 586 1736 nt
605 1698 695 1736 unum
713 1683 810 1738 dieunt
828 1681 946 1738 eundem
964 1698 1035 1738 rem.

292 1826 336 1887 Et
360 1827 487 1889 videtur
509 1827 599 1908 quod
624 1848 700 1893 non.
731 1844 756 1889 1.
783 1825 869 1908 Quia
893 1827 1000 1910 passio
1023 1827 1101 1889 dicit
1132 1827 1189 1890 ali-

221 1953 278 1996 am
305 1954 372 1996 rem
385 1954 405 1995 a
417 1933 577 2014 subjecto;
603 1934 658 1995 sed
678 1954 779 1995 unum
803 1944 852 1997 est
868 1935 974 2016 passio
990 1935 1087 2010 entis;
1105 1955 1188 2016 ergo

222 2039 301 2102 dicit
322 2040 418 2102 aliam
444 2060 511 2103 rem
535 2041 577 2102 ab
601 2051 684 2102 ente.

288 2167 319 2209 2.
344 2147 512 2222 Praeterea,
530 2148 662 2228 quando
679 2148 786 2229 aliqua
808 2148 921 2210 dicunt
943 2149 1080 2210 eandem
1105 2167 1186 2220 rem,

222 2253 248 2315 si
272 2274 374 2315 unum
400 2254 539 2315 addatur
562 2254 651 2317 alteri
677 2253 752 2316 facit
781 2255 1019 2336 =nugationem;
1052 2255 1109 2317 sed
1141 2254 1188 2316 di-

222 2361 327 2423 cendo
349 2381 407 2423 ens
431 2382 532 2422 unum
565 2362 653 2423 nulla
676 2371 724 2423 est
757 2362 908 2442 nugatio;
932 2382 1012 2443 ergo
1036 2381 1101 2424 non
1140 2361 1188 2422 di·

222 2475 301 2529 cunt
324 2469 463 2530 eandem
488 2489 565 2530 rem.

288 2573 329 2636 ln
352 2575 552 2637 contrarium
569 2585 618 2636 est
633 2573 850 2655 Philosophus
864 2593 896 2658 4.
914 2573 1060 2656 Metaplt.
1081 2573 1185 2648 Idem,

221 2679 336 2761 inquit,
360 2690 408 2743 est
432 2681 533 2743 homo
556 2690 589 2743 et
612 2702 697 2743 unus
721 2681 832 2743 homo.

289 2786 405 2850 cmm
429 2801 539 2851 lsrau
563 2801 813 2864 QuAEsrroNaM
842 2797 916 2849 sunt
940 2795 1004 2850 tres
1041 2786 1184 2850 Articuli

221 2895 402 2956 secundum
425 2903 489 2956 tres
514 2895 631 2956 modos
654 2894 792 2958 dicendi.
834 2887 836 2894 ’

294 3106 408 3192 Quia
431 3123 551 3172 arnus
579 3109 738 3172 modus
760 3106 939 3172 dicenda·
965 3114 1012 3169 est
1044 3107 1187 3169 Avicen·

221 3234 282 3287 nae,
307 3214 425 3276 scilicet
448 3215 538 3296 quod
561 3234 618 3276 ens
640 3222 673 3276 et
697 3234 799 3276 unum
824 3234 890 3276 non
913 3213 1026 3275 dicunt
1045 3213 1185 3275 eandem

222 3341 300 3393 rem,
350 3321 415 3383 uod

287 3341 452 3491 Piibatur
465 3428 523 3489 sic:
542 3424 641 3509 Quod
658 3427 815 3490 abstrahit
830 3428 872 3489 ab
888 3427 997 3508 aliquo
1012 3434 1045 3488 et
1057 3426 1099 3487 ab
1114 3425 1188 3506 ejus

220 3543 382 3625 opposito,
408 3563 473 3605 non
497 3543 574 3605 dicit
604 3544 741 3605 eandem
766 3562 834 3604 rem
859 3563 934 3604 cum
959 3542 1029 3603 illo:
1047 3541 1103 3603 sed
1127 3561 1187 3604 ens
