2684 4209
232 266 251 327 8
481 264 657 347 Qunsrro
682 265 921 327 Pnoosuunrs

206 470 438 552 quaternarios
460 480 508 533 est
529 471 637 553 major
658 469 797 542 binario,
825 470 881 533 sed
913 490 978 533 non
1010 468 1168 533 haberem

207 578 301 641 istam
325 577 512 659 specialem:
536 575 768 659 quaternarius
790 586 839 641 est
859 576 979 658 duplus
1002 577 1051 639 ael
1078 575 1173 640 bino-

210 685 309 747 rinrn.

274 786 340 859 Ad
359 790 510 859 tertium
527 813 606 875 nego
623 792 788 876 moyerem.
804 827 849 840 -
864 792 923 853 Aa
929 790 1163 872 probationem,

207 898 341 980 quando
364 898 493 961 dicitur:
519 909 575 962 aut
598 907 674 963 sunt
697 898 840 960 mediata
870 906 928 959 aut
959 898 1162 969 immediata,

205 1005 336 1067 concedo
359 1005 448 1086 quod
472 1006 535 1067 sint
559 1005 712 1068 mediato.
736 1040 781 1053 -
810 1005 857 1067 Tn
880 1003 983 1066 de'cis:
1000 1024 1079 1087 ergo
1096 1026 1167 1086 pos-

205 1132 277 1173 sum
301 1112 471 1193 concipere
495 1112 647 1175 medinm.
673 1114 776 1205 Nego,
804 1111 881 1193 quia
909 1110 1053 1173 medinm
1085 1112 1168 1174 inter

204 1227 352 1281 extrema
375 1228 424 1281 est
446 1220 645 1302 quandoque
667 1218 883 1281 essentialiter
904 1218 1105 1291 ordinatum,
1134 1227 1166 1281 et

206 1325 293 1406 qnod
305 1326 389 1407 qnid
408 1336 455 1389 est
476 1327 605 1389 alterius
629 1326 778 1400 extremi,
795 1326 885 1388 etde
908 1326 970 1387 isto
992 1325 1090 1387 habet
1110 1346 1162 1387 ve·
1240 1324 1246 1333 '

208 1432 334 1495 ritatem
354 1434 443 1513 quod
468 1433 650 1495 assumitur.
672 1433 864 1514 Aliquando
887 1441 998 1494 autem
1024 1432 1167 1494 medium

205 1548 252 1601 est
274 1539 526 1620 particulariter
554 1550 736 1602 contentum
767 1539 829 1602 sub
859 1548 1009 1602 extremo
1039 1548 1072 1601 et
1104 1559 1168 1601 non

206 1646 420 1708 essentialiter
441 1646 629 1708 ordinatum
653 1648 695 1707 ad
724 1645 841 1727 ipsum,
873 1655 906 1709 et
936 1647 977 1708 de
1008 1645 1068 1708 isto
1100 1665 1170 1708 non

209 1751 306 1813 habet
330 1752 507 1825 veritatem,
537 1753 618 1815 sicut
649 1753 681 1814 in
713 1754 889 1834 proposito.
922 1752 1021 1815 Unde
1052 1761 1169 1834 potens

207 1857 376 1940 concipere
400 1857 539 1941 figuram
563 1859 595 1921 in
618 1859 797 1933 communi,
822 1880 888 1922 non
912 1860 1069 1941 sequitur:
1088 1878 1168 1942 ergo

208 1974 315 2047 potest
338 1966 508 2047 concipere
531 1966 730 2048 triangulum
756 1966 787 2028 in
812 1966 1005 2048 particulari.

274 2068 536 2157 Aliquantum
560 2073 630 2135 dico
665 2093 740 2134 cum
765 2072 956 2155 Augustino
977 2090 1008 2154 9.
1027 2072 1077 2134 De
1099 2071 1169 2135 Tri·

206 2179 264 2241 nit.
290 2180 378 2260 quod
403 2179 444 2241 ad
469 2179 719 2241 intellectionem
743 2179 905 2242 concurrit
928 2179 1106 2260 objectum,
1131 2187 1167 2240 ut

207 2283 420 2347 declarabitur
444 2285 525 2348 inlra
544 2304 577 2365 5.
602 2287 678 2349 dist.
702 2305 733 2348 2.
758 2286 849 2349 Licet
872 2307 952 2368 ergo
975 2285 1015 2348 sit
1048 2286 1080 2348 in
1112 2305 1167 2347 no-

175 2469 177 2475 l
205 2391 254 2452 bis
278 2392 436 2454 sufficiens
452 2392 597 2455 activum
613 2401 646 2455 et
654 2393 829 2473 passivum
846 2401 991 2474 respectu
1010 2392 1166 2474 cognitio-

205 2498 253 2560 nis
276 2498 324 2559 ad
344 2498 444 2571 intra,
473 2497 581 2561 deficit
611 2508 721 2561 tamen
752 2500 913 2579 sufficiens
943 2500 1088 2561 activum
1111 2519 1164 2560 en-

205 2616 269 2677 tra,'
297 2605 378 2667 idest
401 2606 577 2686 objectum.

272 2708 337 2778 Ad
356 2710 531 2797 quintum
555 2733 635 2794 nego
670 2714 835 2795 moyerem,
864 2713 997 2794 quando
1021 2712 1165 2793 potentia

205 2819 332 2900 passiva
355 2818 523 2880 ordinatur
545 2819 588 2880 ad
612 2817 843 2900 perfectionem
866 2829 935 2881 tam
956 2819 1163 2889 eminentem,

205 2925 295 3006 quod
318 2924 360 2986 ad
384 2944 457 2986 eam
481 2926 745 3007 consequendam
774 2926 859 2987 actio
890 2935 1015 2988 naturae
1047 2946 1081 2987 se
1111 2945 1166 2986 ex-

204 3031 337 3094 tendere
360 3052 424 3093 non
450 3031 544 3093 valet.
568 3067 613 3080 -
642 3034 673 3094 T
668 3054 689 3094 n
707 3032 844 3112 probos:
868 3054 947 3114 ergo
972 3032 1031 3095 erit
1047 3031 1164 3094 frustra

130 3130 132 3137 ’
203 3139 235 3201 in
260 3146 383 3201 natura.
408 3138 501 3220 Nego
523 3138 792 3220 consequentiam,
825 3139 902 3220 quia
932 3140 1163 3221 correspondet

203 3245 261 3307 sibi
285 3245 417 3326 aliquod
441 3265 541 3327 agens
565 3245 596 3307 in
620 3255 690 3306 tota
706 3244 950 3308 coordinatione
970 3246 1094 3308 entium
1111 3265 1163 3307 na-

201 3351 364 3414 turalium.
397 3350 455 3414 Vel
473 3352 539 3413 sic:
572 3351 673 3414 Omni
705 3353 860 3433 potentiae
892 3352 1030 3433 passivae
1062 3372 1166 3413 corre-

201 3458 340 3540 spondet
363 3458 471 3539 aliqua
494 3458 639 3539 potentia
662 3458 776 3530 activa,
801 3479 915 3521 verum
947 3469 996 3521 est
1027 3459 1058 3519 in
1090 3468 1163 3519 toto

198 3573 282 3638 ente,
307 3564 383 3646 quia
406 3564 520 3627 saltem
545 3564 690 3646 potentia
712 3565 818 3627 activa
843 3566 919 3642 Dei;
949 3566 1006 3628 'sed
1037 3586 1103 3628 non
1128 3587 1162 3628 0-

200 3680 316 3754 portet,
349 3671 439 3753 quod
471 3671 502 3733 in
533 3682 649 3733 natura
680 3680 796 3743 creata,
829 3680 861 3733 et
893 3671 955 3733 hoc
987 3672 1163 3735 suffecisset
