2684 4209
380 362 540 427 Parnon.
566 362 713 442 Qunsr.
738 364 784 455 In
1037 381 1078 446 37

203 566 261 629 Ad
269 568 455 637 secuudum,
480 568 554 629 dico
573 568 663 648 quod
680 568 778 631 etiam
797 589 862 631 non
880 570 980 643 valet;
998 539 1102 632 immo

134 672 304 755 peridem
328 686 560 755 argumentum
585 676 776 756 probaretur
801 677 890 757 quod
914 687 998 739 esset
1022 698 1102 759 pure

133 780 384 860 speculativum.
414 782 490 863 quia
518 803 560 843 ex
594 783 648 844 illo
674 783 782 845 medio
810 784 927 864 probat
960 782 1103 846 Philusu'

136 887 225 967 phus
242 888 500 969 metaphysicam
513 909 582 951 esse
598 890 842 970 speculativam,
860 910 916 971 per
933 890 995 952 hoc
1012 892 1102 971 quod

135 1003 188 1055 est
211 995 375 1076 sapientia.

209 1101 267 1163 Ex
290 1100 342 1163 sris
364 1103 511 1183 sequitur
532 1104 741 1165 corollarium
759 1104 848 1184 quod
870 1114 1002 1186 propter
1023 1126 1104 1187 prae-

139 1208 229 1270 dicta
253 1229 317 1270 non
350 1219 457 1289 potest
488 1220 572 1272 stare
607 1212 717 1292 opinio
753 1210 910 1273 Varronis
944 1212 999 1293 qui
1028 1212 1104 1274 dicit

139 1314 355 1397 Theologiam
380 1336 448 1379 esse
470 1320 766 1398 cureterrrplnrirum,
787 1327 957 1399 tamquam
975 1319 1014 1380 sit
1041 1340 1105 1380 me-

141 1424 234 1484 dium
259 1422 339 1485 inter
363 1426 542 1505 practicum
567 1435 599 1486 et
622 1427 868 1506 speculativum.

211 1527 301 1597 Alr'u
325 1534 380 1597 est
405 1530 535 1615 opinio
574 1528 607 1599 T
602 1528 725 1599 lrorrrre
752 1543 841 1613 part.
879 1550 908 1594 r.
944 1554 973 1613 q.
1012 1551 1040 1594 1.
1074 1556 1104 1595 a.

141 1658 175 1719 4.
200 1639 290 1719 quod
314 1638 494 1720 Theologia
520 1660 584 1701 una
607 1641 750 1702 existens
778 1648 826 1701 est
856 1640 988 1701 scientia
1012 1650 1107 1720 pruc-

142 1746 209 1807 lr'cu
234 1756 265 1807 et
288 1746 487 1826 speculativa
509 1747 632 1818 simrrl,·
657 1756 689 1808 et
713 1747 775 1808 hoc
793 1746 865 1807 ideo
898 1748 974 1827 quia
1006 1747 1106 1819 Deus

142 1855 199 1933 qui
236 1864 284 1915 est
318 1854 500 1932 subjectum
541 1853 741 1935 ”stromogin
781 1854 925 1915 continet
962 1854 1108 1933 subjecta

145 1960 297 2041 practicae
321 1970 352 2021 et
377 1962 584 2041 speculativae
609 1962 761 2022 scientiae.

214 2066 364 2130 Secunda
388 2069 490 2130 ratio:
517 2089 592 2131 nam
618 2068 669 2129 illa
694 2066 825 2129 scientia
848 2087 923 2147 quae
953 2067 997 2127 sic
1026 2077 1109 2128 trac-

146 2183 193 2235 tat
208 2174 419 2255 speculabilia
436 2196 473 2237 ac
486 2176 510 2235 si
526 2184 632 2236 essent
650 2195 736 2237 mere
752 2174 959 2254 speculativa,
977 2183 1009 2235 et
1017 2184 1111 2253 prac-

145 2281 262 2343 ricalr'a
287 2301 324 2342 ac
348 2282 372 2343 si
396 2292 502 2344 essent
526 2302 612 2343 mere
637 2282 787 2363 practica,
811 2292 860 2343 est
883 2281 978 2342 simul
1000 2300 1112 2361 specu-

149 2390 247 2451 lativa
277 2398 309 2451 et
341 2390 490 2471 practica.
525 2388 589 2451 Sed
620 2388 801 2470 Theologia
831 2397 880 2449 est
911 2386 1109 2467 hujusmodi,

146 2496 226 2577 quia
249 2505 366 2559 tractat
390 2498 498 2559 istam:
525 2497 613 2558 Deus
636 2506 846 2566 curreremus,
867 2514 942 2575 quae
958 2504 1007 2555 est
1025 2514 1112 2554 mere

148 2605 358 2685 speculabile;
384 2614 416 2666 et
439 2604 547 2666 istam:
573 2603 662 2665 Deus
685 2614 732 2665 cst
746 2602 946 2684 dilzgurulus,
967 2622 1042 2682 quae
1064 2611 1112 2662 est

152 2731 240 2773 mere
263 2712 476 2793 practicabile‚
501 2732 539 2773 ac
563 2711 587 2773 si
612 2721 695 2773 esset
720 2730 806 2771 mere
834 2709 984 2789 practica.

217 2806 436 2886 Dicendum
458 2820 548 2899 quod
572 2828 774 2897 assumptum
798 2826 846 2877 est
870 2814 997 2884 falsum,
1023 2814 1113 2895 quod

151 2926 184 2987 in
208 2924 389 3007 Theologia
413 2936 591 2988 tractantur
615 2924 832 3006 speculabilia‚
849 2923 925 3004 quia
942 2924 1024 2983 sient
1051 2922 1116 2982 dic-

154 3043 225 3095 tum
250 3043 308 3105 est,
338 3034 369 3095 in
398 3034 426 3095 T
429 3033 577 3114 henlogia
606 3042 762 3094 tractatur
789 3032 895 3093 solum
930 3030 971 3091 de
1000 3029 1115 3090 ultimo

143 3142 219 3224 fine
243 3151 275 3202 et
298 3140 339 3203 de
362 3142 431 3222 ejus
454 3139 691 3203 conditionibus
719 3148 750 3199 et
781 3138 1048 3206 cirrrrrrrstuulr'r's,
1084 3147 1116 3197 et

154 3251 195 3311 de
219 3249 299 3311 aliis
323 3249 406 3311 circa
430 3250 551 3329 ipsum;
578 3251 663 3310 unde
687 3258 735 3308 est
760 3247 914 3310 directiva
944 3247 974 3307 in
1005 3244 1116 3325 cogni-

153 3338 278 3419 tionem
304 3356 408 3418 ultimi
433 3356 513 3418 finis.

228 3462 348 3527 Contra
382 3464 478 3526 istam
510 3464 690 3544 opinionem
726 3462 833 3544 arguit
864 3450 970 3522 Varro
1001 3460 1059 3521 sic:
1093 3458 1119 3519 Ι-

152 3572 232 3633 dem
258 3592 323 3633 non
347 3570 549 3652 specificatur
578 3592 596 3631 a
624 3570 753 3633 duobus
778 3568 971 3630 habentibus
995 3575 1120 3628 contra-

156 3680 241 3741 rium
279 3678 415 3741 modum
449 3679 479 3741 in
515 3676 742 3759 specificando,
777 3676 855 3738 alias
890 3676 976 3736 idem
1012 3683 1120 3754 posset

153 3808 226 3851 esse
250 3788 353 3851 homo
377 3797 409 3849 et
432 3788 550 3849 asinus
577 3786 641 3849 Sed
673 3784 852 3866 practicum
888 3779 1122 3860 et'speculati-
