2684 4209
346 224 537 296 ¹Drsrnrcr.
564 224 646 289 XIX
672 223 820 307 Quasr.
844 226 875 288 ll
1045 239 1105 305 251

236 432 295 495 Ad
307 431 520 514 propositum,
549 451 614 494 una
637 452 776 513 persona
799 442 848 494 est
870 431 903 494 in
927 431 990 494 alia
1005 452 1071 494 non
1092 432 1140 494 si·

172 548 229 602 cut
251 548 369 601 natura
391 536 423 601 in
447 538 628 620 supposito,
653 558 713 601 nec
735 538 819 601 sicut
842 537 947 600 forma
969 538 1002 601 in
1031 547 1135 601 mate-

170 646 225 719 ria.
239 646 296 708 sed
307 644 390 708 sicut
401 644 578 709 subsistens
604 645 636 707 in
661 645 864 708 subsistente.
882 644 1064 711 Subsistere
1079 665 1140 707 au—

170 763 249 827 tem,
262 752 344 815 idest
356 752 704 815 incommunicabiliter
713 773 770 834 per
782 772 894 815 seesse
905 752 1058 815 convenit
1066 772 1141 834 per·

170 880 260 923 sonae
274 859 390 941 primo.
404 859 480 922 Non
488 869 597 921 autem
616 858 733 921 dicitur
745 860 786 921 de
798 879 945 941 persona,
958 858 1034 939 quia
1054 878 1142 941 prae·

172 967 236 1029 eise
248 965 365 1029 dicitur
392 966 432 1027 de
457 966 611 1029 relatione
634 965 685 1029 vel
709 966 751 1029 de
769 965 915 1039 essentia,
943 964 1044 1027 etsie
1070 985 1136 1028 una

172 1094 311 1156 persona
345 1082 393 1137 est
427 1072 459 1134 in
495 1072 557 1135 alia
583 1074 763 1136 secundum
798 1093 833 1135 se
852 1081 956 1135 totam
973 1092 1031 1153 per
1053 1092 1142 1154 prae·

173 1181 309 1243 sentiam
334 1179 524 1254 intimitatis,
549 1181 639 1261 quod
655 1180 813 1262 probatur
841 1200 898 1261 per
916 1178 1134 1241 Ambrosium

174 1286 209 1349 in
233 1286 389 1367 Hymno:
413 1295 503 1349 totus
528 1286 559 1349 in
584 1286 697 1349 Verbo
709 1287 804 1349 Pater
815 1294 849 1348 et
870 1294 961 1348 totus
984 1285 1016 1348 in
1040 1286 1136 1349 Patre

173 1393 284 1455 Filius.
308 1428 353 1439 -
375 1392 550 1467 Proeterea,
575 1393 786 1475 Augustinus
809 1392 841 1455 in
864 1391 936 1455 Lib.
950 1392 989 1455 de
1004 1392 1077 1475 fide
1091 1391 1145 1454 ad

172 1500 332 1563 Petrum:
356 1508 489 1581 propter
521 1499 679 1562 unitatem
712 1498 892 1561 naturalem
921 1507 1011 1561 totus
1042 1499 1139 1562 Pater

173 1616 221 1669 est
244 1607 276 1668 in
302 1606 384 1668 Filio
407 1616 441 1668 et
464 1605 587 1687 Spiritu
613 1605 746 1669 Sancto.
773 1605 833 1668 Est
848 1625 982 1687 quoque
998 1604 1139 1687 Spiritus

174 1712 313 1777 Sanctus
329 1712 361 1775 in
377 1713 472 1777 Patre
488 1722 521 1775 et
546 1712 629 1775 Filio
645 1713 818 1795 nullusque
840 1711 958 1774 horum
975 1721 1023 1774 est
1042 1720 1137 1774 extra

172 1819 350 1904 quemlibet
364 1820 509 1901 ipsorum
523 1828 657 1901 propter
673 1819 832 1882 unitatem
850 1819 971 1881 divinae
988 1818 1140 1881 substan—

173 1927 239 1989 tiae.

241 2028 413 2101 Secundo
427 2028 595 2101 declarat
608 2052 684 2114 quae
696 2042 744 2094 est
760 2032 842 2094 ratio
858 2031 949 2094 istius
965 2031 1143 2095 inexisten-

173 2140 239 2213 tiae,
263 2149 297 2202 et
324 2140 403 2201 dicit
432 2140 523 2222 quod
554 2160 620 2202 non
644 2148 693 2201 est
723 2139 861 2201 essentia
892 2139 1037 2221 praecise,
1061 2138 1142 2223 quia

173 2254 254 2309 tunc
277 2246 372 2308 Pater
394 2256 477 2309 esset
508 2246 541 2309 in
565 2266 609 2321 se,
630 2245 721 2327 quod
743 2254 792 2308 est
822 2243 949 2318 salsum,
973 2265 1014 2307 eo
1038 2245 1144 2307 modo

174 2373 242 2435 quo
274 2351 423 2416 Salvator
454 2352 604 2436 intelligit
635 2353 765 2415 Patrem
796 2372 865 2414 esse
888 2352 921 2413 in
942 2351 1034 2425 Filio,
1065 2362 1098 2414 et
1120 2371 1145 2413 e

175 2479 350 2533 converso;
376 2479 452 2521 nam
481 2458 534 2520 illa
565 2458 771 2521 inexistentia
802 2450 934 2540 requirit
964 2458 1141 2521 distinctio

175 2586 271 2641 nem;
296 2566 390 2629 Pater
412 2575 523 2628 autem
548 2586 614 2628 non
638 2565 848 2645 distinguitur
871 2586 891 2626 a
913 2564 1035 2646 seipso;
1059 2585 1146 2646 ergo

174 2672 238 2735 isto
262 2673 363 2735 modo
387 2692 453 2735 non
476 2681 525 2733 est
548 2692 567 2733 a
591 2670 707 2753 seipso

245 2778 395 2841 Secunda
418 2779 504 2841 ratio
527 2778 611 2841 illius
635 2778 860 2853 inexistentiae,
878 2757 1009 2840 nonest
1025 2777 1144 2840 relatio

175 2886 320 2967 originis,
345 2894 417 2949 tum
441 2886 518 2969 quia
542 2884 712 2948 relationes
728 2885 861 2967 originis
876 2905 941 2947 non
958 2894 1036 2947 sunt
1058 2883 1146 2964 ejus·

175 2992 253 3054 dem
278 2992 419 3067 rationis
444 3003 476 3056 et
500 2993 545 3055 sic
569 3012 717 3075 personae
739 3012 804 3055 non
828 3000 935 3054 essent
958 2991 990 3054 in
1006 3011 1041 3053 se
1062 2990 1145 3053 invi-

175 3119 248 3163 cem
266 3099 477 3173 uniformiter,
491 3109 563 3162 tum
579 3100 656 3181 quia
672 3099 750 3161 dato
763 3119 820 3179 per
836 3097 1034 3179 impossibile
1050 3098 1140 3178 quod

177 3226 244 3268 una
267 3226 404 3289 persona
428 3226 493 3269 non
517 3207 695 3288 originetur
717 3205 760 3267 ab
783 3206 854 3277 alia,
875 3204 984 3267 adhuc
1008 3224 1072 3266 una
1095 3224 1142 3266 es

177 3320 226 3375 set
249 3312 281 3375 in
305 3313 367 3374 alia
391 3322 524 3396 propter
547 3313 706 3376 unitatem
736 3320 879 3385 naturae3
911 3320 984 3373 tum
1008 3310 1084 3392 quia
1099 3311 1140 3395 ¹in

178 3420 332 3483 creaturis
356 3420 489 3502 quando
512 3428 604 3503 pater
628 3428 762 3501 generat
777 3417 880 3481 lilium
903 3426 952 3479 est
976 3417 1058 3480 inter
1085 3438 1147 3479 eos
1261 3490 1267 3499 Ι

179 3526 292 3589 relatio
315 3526 457 3609 originis,
482 3536 515 3589 et
538 3535 648 3589 tamen
673 3536 764 3608 pater
780 3546 847 3588 non
863 3535 911 3588 est
934 3526 967 3587 in
991 3545 1051 3587 suo
1074 3522 1146 3586 filio

180 3651 241 3694 nec
264 3652 282 3695 e
305 3652 471 3707 converso,
496 3634 573 3715 quia
596 3653 662 3695 non
687 3632 810 3696 habent
825 3632 1027 3695 identitatem
1051 3638 1145 3693 natu-
