2684 4209
425 294 601 379 Quasuo
625 299 866 363 Pnoraurnms
1104 316 1124 381 7

182 501 260 584 quia
281 502 326 565 ad
349 502 530 585 quamlibet
560 503 810 568 intellectionem
842 505 1028 568 naturaliter
1059 505 1147 569 incli-

183 618 281 673 natur
304 618 338 672 et
361 610 452 691 quasi
476 611 662 673 naturaliter
687 609 860 694 perficitur.
878 612 988 675 Potest
1008 613 1146 675 secundo

179 716 366 798 comparari
390 716 431 779 ad
462 737 564 799 agens
593 738 613 779 a
636 738 703 800 quo
726 718 853 800 recipit;
881 727 915 781 et
937 727 1015 782 tunc
1039 719 1145 781 omnis

178 823 328 905 cognitio
359 844 434 906 quae
462 844 528 887 non
560 833 667 906 potest
695 824 818 888 causari
848 825 891 887 ab
921 825 1084 888 intellectu
1116 847 1147 888 a·

181 938 281 1011 gente
311 938 345 992 et
379 930 608 1012 phantasmate
637 940 687 993 est
716 931 776 994 sibi
800 932 1065 1013 supernaturalis;
1097 941 1143 994 ta-

184 1036 230 1098 les
249 1046 360 1099 autem
383 1046 459 1099 sunt
483 1038 595 1100 multae
627 1037 778 1101 veritates
800 1038 984 1120 complexae
1008 1038 1050 1100 de
1073 1038 1146 1102 Deo

185 1137 223 1205 rtr'
243 1142 334 1206 Deus
351 1154 507 1226 generat:
531 1144 621 1206 Deus
636 1155 685 1207 ast
698 1144 807 1207 trinus
820 1154 853 1207 et
871 1166 966 1217 anns,
993 1153 1027 1207 et
1039 1144 1149 1226 hujus-

183 1248 284 1313 modi.
314 1247 439 1313 Omnes
469 1250 555 1313 enim
586 1250 667 1313 tales
690 1250 840 1313 veritates
854 1250 1016 1314 habentur
1039 1272 1148 1334 super-

181 1357 370 1420 naturaliter
393 1378 450 1439 per
473 1357 728 1440 inspirationem.

257 1569 379 1636 Tune
393 1571 458 1637 ad
468 1574 736 1654 annumerata
752 1569 1149 1655 Philosophorum:

250 1673 316 1744 Ad
341 1674 515 1763 prelatum
547 1678 621 1740 dico
652 1679 742 1759 quod
775 1680 882 1762 mayor
910 1688 959 1741 est
990 1699 1066 1741 vera
1104 1679 1146 1742 de

182 1783 290 1865 primo
315 1783 444 1865 objecto
468 1784 654 1847 naturaliter
677 1784 859 1867 attingibili,
884 1806 949 1847 non
973 1793 1083 1847 autem
1105 1785 1147 1847 de

180 1889 289 1971 primo
312 1890 442 1971 objecto
465 1891 507 1953 ad
530 1892 620 1973 quod
650 1890 795 1973 potentia
825 1891 1025 1953 naturaliter
1053 1891 1146 1954 incli-

182 2008 293 2061 natur.
318 1997 389 2059 Ens
411 2005 522 2060 autem
546 1997 571 2059 si
596 2006 737 2079 ponatur
752 2018 772 2061 a
787 1997 983 2078 quibusdam
1000 1997 1143 2079 primum

179 2102 349 2184 objectum
374 2103 563 2176 intellectus
587 2103 650 2165 hoc
674 2113 722 2166 est
744 2104 881 2166 secundo
906 2104 1006 2165 modo
1029 2112 1062 2165 et
1077 2124 1143 2166 non

177 2210 298 2291 primo.
321 2245 366 2257 -
388 2210 499 2273 Aliter
521 2218 629 2292 potest
652 2210 716 2274 dici
739 2210 829 2291 quod
853 2212 961 2293 major
989 2220 1038 2273 est
1067 2230 1144 2273 vera

179 2318 316 2398 quando
339 2325 530 2380 contentum
554 2316 615 2379 sub
640 2317 748 2399 primo
777 2317 907 2398 objecto
938 2316 1066 2399 respicit
1090 2328 1145 2399 po-

179 2423 317 2486 tentiam
342 2432 378 2485 ut
410 2424 570 2486 motivum
602 2423 764 2496 naturale,
793 2444 859 2486 non
882 2434 992 2486 autem
1018 2432 1055 2487 ut
1078 2444 1146 2486 mo

178 2531 287 2593 tivum
311 2529 546 2593 voluntarium.

249 2632 314 2705 Ad
333 2632 542 2704 secundum
567 2657 647 2719 nego
669 2637 844 2699 secundam
855 2647 985 2718 partem
1002 2636 1144 2700 minoris

178 2744 241 2806 Ad
265 2742 499 2825 probationem,
543 2745 677 2825 quando
709 2744 842 2807 dicitur:
870 2744 998 2805 termini
1026 2744 1144 2825 primo

178 2870 255 2912 rum
279 2850 511 2933 principiorum
543 2861 618 2913 sunt
649 2850 921 2926 communissimi;
953 2850 1024 2913 dico
1053 2850 1144 2931 quod

177 2957 265 3020 sicut
296 2957 432 3021 termini
459 2956 596 3041 subjecti
624 2966 701 3019 sunt
731 2957 998 3032 communissimi,
1037 2956 1082 3019 ita
1110 2966 1144 3021 et

179 3064 318 3127 termini
333 3064 520 3146 pradicati,
558 3073 592 3127 et
622 3064 667 3126 ita
697 3085 763 3127 non
788 3064 949 3127 habentur
972 3064 1031 3126 nisi
1061 3063 1145 3127 Con-

178 3170 342 3234 clusiones
373 3171 665 3235 communissimae:
697 3172 755 3233 sed
779 3172 862 3233 ultra
892 3172 968 3233 istas
999 3191 1147 3233 commu-

177 3277 330 3341 nissimas
353 3286 482 3359 oportet
513 3276 633 3341 habere
663 3277 705 3339 de
737 3276 809 3340 Deo
840 3277 964 3358 aliquas
995 3277 1145 3341 veritates

177 3384 335 3466 speciales
358 3405 442 3466 quas
466 3405 531 3447 non
557 3403 732 3466 possumus
755 3383 874 3446 habere
897 3384 1016 3445 virtute
1039 3384 1146 3445 termi-

180 3511 300 3553 norum
323 3490 678 3565 communissimorum,
702 3490 785 3553 sicut
807 3490 833 3553 si
864 3490 1022 3552 dicerem:
1053 3511 1145 3553 omna

179 3608 283 3661 totum
306 3608 354 3661 ast
376 3599 485 3681 majus
507 3618 568 3660 sua
586 3606 693 3679 parte,
722 3618 778 3679 per
802 3597 865 3659 hoc
896 3596 1030 3677 quidem
1061 3596 1147 3679 prin·

176 3704 302 3787 cipium
326 3704 480 3767 haberem
511 3704 606 3767 istam
638 3723 849 3767 communem
875 3701 1143 3766 Conclusionem:
