<?xml version="1.0" encoding="UTF-8"?>
<!DOCTYPE html PUBLIC "-//W3C//DTD XHTML 1.0 Transitional//EN"
    "http://www.w3.org/TR/xhtml1/DTD/xhtml1-transitional.dtd">
<html xmlns="http://www.w3.org/1999/xhtml" xml:lang="en" lang="en">
 <head>
  <title>
</title>
<meta http-equiv="Content-Type" content="text/html;charset=utf-8" />
  <meta name='ocr-system' content='tesseract 3.04.00' />
  <meta name='ocr-capabilities' content='ocr_page ocr_carea ocr_par ocr_line ocrx_word'/>
</head>
<body>
  <div class='ocr_page' id='page_1' title='image "./commentariainli01scotgoog_0112.png"; bbox 0 0 2684 4209; ppageno 0'>
   <div class='ocr_carea' id='block_1_1' title="bbox 230 204 930 285">
    <p class='ocr_par' dir='ltr' id='par_1_1' title="bbox 230 204 930 285">
     <span class='ocr_line' id='line_1_1' title="bbox 230 204 930 285; baseline 0.007 -20"><span class='ocrx_word' id='word_1_1' title='bbox 230 205 275 285; x_wconf 88' lang='lat'>96</span> <span class='ocrx_word' id='word_1_2' title='bbox 499 204 574 267; x_wconf 80' lang='lat' dir='ltr'>Lm.</span> <span class='ocrx_word' id='word_1_3' title='bbox 599 204 613 267; x_wconf 88' lang='grc' dir='ltr'>Ι</span> <span class='ocrx_word' id='word_1_4' title='bbox 637 204 930 270; x_wconf 77' lang='lat' dir='ltr'>Ssurnurumuu</span> 
     </span>
    </p>
   </div>
   <div class='ocr_carea' id='block_1_2' title="bbox 206 409 1187 3782">
    <p class='ocr_par' dir='ltr' id='par_1_2' title="bbox 206 409 1176 1114">
     <span class='ocr_line' id='line_1_2' title="bbox 206 409 1175 492; baseline 0.002 -20"><span class='ocrx_word' id='word_1_5' title='bbox 206 409 439 491; x_wconf 87' lang='lat' dir='ltr'>cognoscimus</span> <span class='ocrx_word' id='word_1_6' title='bbox 462 411 663 483; x_wconf 86' lang='lat' dir='ltr'>affirmative,</span> <span class='ocrx_word' id='word_1_7' title='bbox 688 410 745 472; x_wconf 88' lang='lat' dir='ltr'>sed</span> <span class='ocrx_word' id='word_1_8' title='bbox 769 410 920 492; x_wconf 84' lang='lat' dir='ltr'>negative</span> <span class='ocrx_word' id='word_1_9' title='bbox 942 411 995 472; x_wconf 88' lang='lat' dir='ltr'>via</span> <span class='ocrx_word' id='word_1_10' title='bbox 1018 411 1175 474; x_wconf 86' lang='lat' dir='ltr'>remotio-</span> 
     </span>
     <span class='ocr_line' id='line_1_3' title="bbox 210 516 1174 601; baseline 0.002 -22"><span class='ocrx_word' id='word_1_11' title='bbox 210 517 269 591; x_wconf 88' lang='lat' dir='ltr'><strong>nis,</strong></span> <span class='ocrx_word' id='word_1_12' title='bbox 294 518 447 580; x_wconf 89' lang='lat' dir='ltr'>dicendo:</span> <span class='ocrx_word' id='word_1_13' title='bbox 472 517 582 579; x_wconf 89' lang='lat' dir='ltr'>Deum</span> <span class='ocrx_word' id='word_1_14' title='bbox 606 537 672 580; x_wconf 93' lang='lat' dir='ltr'>non</span> <span class='ocrx_word' id='word_1_15' title='bbox 695 537 765 580; x_wconf 91' lang='lat' dir='ltr'>esse</span> <span class='ocrx_word' id='word_1_16' title='bbox 789 516 930 599; x_wconf 90' lang='lat' dir='ltr'>lapidem</span> <span class='ocrx_word' id='word_1_17' title='bbox 953 517 1005 580; x_wconf 90' lang='lat' dir='ltr'>vel</span> <span class='ocrx_word' id='word_1_18' title='bbox 1034 518 1174 601; x_wconf 91' lang='lat' dir='ltr'>lignum,</span> 
     </span>
     <span class='ocr_line' id='line_1_4' title="bbox 210 623 1173 707; baseline 0 -20"><span class='ocrx_word' id='word_1_19' title='bbox 210 633 243 687; x_wconf 86' lang='lat' dir='ltr'>et</span> <span class='ocrx_word' id='word_1_20' title='bbox 266 623 311 688; x_wconf 93' lang='lat' dir='ltr'>sic</span> <span class='ocrx_word' id='word_1_21' title='bbox 334 625 376 687; x_wconf 92' lang='lat' dir='ltr'>de</span> <span class='ocrx_word' id='word_1_22' title='bbox 399 624 476 686; x_wconf 83' lang='lat' dir='ltr'>aliis.</span> <span class='ocrx_word' id='word_1_23' title='bbox 491 623 562 687; x_wconf 91' lang='lat' dir='ltr'>-Et</span> <span class='ocrx_word' id='word_1_24' title='bbox 584 624 800 707; x_wconf 69' lang='lat' dir='ltr'>confirmatur</span> <span class='ocrx_word' id='word_1_25' title='bbox 822 645 879 706; x_wconf 90' lang='lat' dir='ltr'>per</span> <span class='ocrx_word' id='word_1_26' title='bbox 897 623 1094 705; x_wconf 90' lang='lat' dir='ltr'>Dionysium</span> <span class='ocrx_word' id='word_1_27' title='bbox 1115 625 1173 706; x_wconf 92' lang='lat' dir='ltr'>qui</span> 
     </span>
     <span class='ocr_line' id='line_1_5' title="bbox 210 722 1176 813; baseline 0.002 -21"><span class='ocrx_word' id='word_1_28' title='bbox 210 730 288 793; x_wconf 93' lang='lat' dir='ltr'>dicit</span> <span class='ocrx_word' id='word_1_29' title='bbox 311 731 502 813; x_wconf 85' lang='lat' dir='ltr'><strong>negationes</strong></span> <span class='ocrx_word' id='word_1_30' title='bbox 532 732 573 793; x_wconf 88' lang='lat' dir='ltr'>de</span> <span class='ocrx_word' id='word_1_31' title='bbox 590 731 678 800; x_wconf 81' lang='lat' dir='ltr'>&#39;Deo</span> <span class='ocrx_word' id='word_1_32' title='bbox 708 752 777 794; x_wconf 91' lang='lat' dir='ltr'>esse</span> <span class='ocrx_word' id='word_1_33' title='bbox 807 722 909 804; x_wconf 70' lang='lat' dir='ltr'>veras}</span> <span class='ocrx_word' id='word_1_34' title='bbox 940 732 1176 795; x_wconf 88' lang='lat' dir='ltr'>affirmationes</span> 
     </span>
     <span class='ocr_line' id='line_1_6' title="bbox 210 837 1176 920; baseline 0 -20"><span class='ocrx_word' id='word_1_35' title='bbox 210 857 288 900; x_wconf 92' lang='lat' dir='ltr'>vero</span> <span class='ocrx_word' id='word_1_36' title='bbox 311 837 544 919; x_wconf 83' lang='lat' dir='ltr'>incompactas,</span> <span class='ocrx_word' id='word_1_37' title='bbox 568 837 645 919; x_wconf 91' lang='lat' dir='ltr'>quia</span> <span class='ocrx_word' id='word_1_38' title='bbox 663 837 768 900; x_wconf 89' lang='lat' dir='ltr'>viator</span> <span class='ocrx_word' id='word_1_39' title='bbox 785 858 850 900; x_wconf 91' lang='lat' dir='ltr'>non</span> <span class='ocrx_word' id='word_1_40' title='bbox 868 847 975 920; x_wconf 88' lang='lat' dir='ltr'>potest</span> <span class='ocrx_word' id='word_1_41' title='bbox 992 837 1111 900; x_wconf 84' lang='lat' dir='ltr'>habere</span> <span class='ocrx_word' id='word_1_42' title='bbox 1126 837 1176 900; x_wconf 83' lang='lat' dir='ltr'>as·</span> 
     </span>
     <span class='ocr_line' id='line_1_7' title="bbox 211 941 1174 1027; baseline 0 -21"><span class='ocrx_word' id='word_1_43' title='bbox 211 941 411 1007; x_wconf 88' lang='lat' dir='ltr'>firmationes</span> <span class='ocrx_word' id='word_1_44' title='bbox 426 945 648 1027; x_wconf 87' lang='lat' dir='ltr'>exprimentes</span> <span class='ocrx_word' id='word_1_45' title='bbox 663 944 881 1026; x_wconf 87' lang='lat' dir='ltr'>quidditatem</span> <span class='ocrx_word' id='word_1_46' title='bbox 899 945 953 1018; x_wconf 90' lang='lat' dir='ltr'>rei,</span> <span class='ocrx_word' id='word_1_47' title='bbox 970 945 1028 1006; x_wconf 92' lang='lat' dir='ltr'>sed</span> <span class='ocrx_word' id='word_1_48' title='bbox 1042 953 1174 1007; x_wconf 89' lang='lat' dir='ltr'>tantum</span> 
     </span>
     <span class='ocr_line' id='line_1_8' title="bbox 210 1071 413 1114; baseline 0 0"><span class='ocrx_word' id='word_1_49' title='bbox 210 1071 413 1114; x_wconf 88' lang='lat' dir='ltr'>communes.</span> 
     </span>
    </p>

    <p class='ocr_par' dir='ltr' id='par_1_3' title="bbox 206 1155 1182 2734">
     <span class='ocr_line' id='line_1_9' title="bbox 284 1155 1175 1240; baseline -0.001 -20"><span class='ocrx_word' id='word_1_50' title='bbox 284 1155 403 1221; x_wconf 81' lang='lat' dir='ltr'>Contra</span> <span class='ocrx_word' id='word_1_51' title='bbox 426 1157 518 1220; x_wconf 82' lang='lat' dir='ltr'>istud</span> <span class='ocrx_word' id='word_1_52' title='bbox 538 1157 700 1238; x_wconf 88' lang='lat' dir='ltr'>objicitur,</span> <span class='ocrx_word' id='word_1_53' title='bbox 726 1157 802 1239; x_wconf 87' lang='lat' dir='ltr'>quia</span> <span class='ocrx_word' id='word_1_54' title='bbox 817 1167 877 1220; x_wconf 85' lang='lat' dir='ltr'>aut</span> <span class='ocrx_word' id='word_1_55' title='bbox 891 1158 1073 1240; x_wconf 91' lang='lat' dir='ltr'>concipitur</span> <span class='ocrx_word' id='word_1_56' title='bbox 1089 1178 1175 1240; x_wconf 84' lang='lat' dir='ltr'>prae-</span> 
     </span>
     <span class='ocr_line' id='line_1_10' title="bbox 210 1263 1174 1347; baseline -0.002 -20"><span class='ocrx_word' id='word_1_57' title='bbox 210 1265 275 1327; x_wconf 87' lang='lat' dir='ltr'>cise</span> <span class='ocrx_word' id='word_1_58' title='bbox 299 1265 440 1347; x_wconf 86' lang='lat' dir='ltr'>negati0,</span> <span class='ocrx_word' id='word_1_59' title='bbox 464 1274 524 1327; x_wconf 82' lang='lat' dir='ltr'>aut</span> <span class='ocrx_word' id='word_1_60' title='bbox 550 1264 733 1346; x_wconf 91' lang='lat' dir='ltr'>concipitur</span> <span class='ocrx_word' id='word_1_61' title='bbox 760 1264 893 1346; x_wconf 88' lang='lat' dir='ltr'>negatio</span> <span class='ocrx_word' id='word_1_62' title='bbox 921 1265 962 1327; x_wconf 92' lang='lat' dir='ltr'>de</span> <span class='ocrx_word' id='word_1_63' title='bbox 989 1265 1109 1346; x_wconf 84' lang='lat' dir='ltr'>aliquo.</span> <span class='ocrx_word' id='word_1_64' title='bbox 1139 1263 1174 1329; x_wconf 89' lang='lat' dir='ltr'>Si</span> 
     </span>
     <span class='ocr_line' id='line_1_11' title="bbox 206 1371 1174 1454; baseline -0.001 -21"><span class='ocrx_word' id='word_1_65' title='bbox 206 1372 317 1453; x_wconf 80' lang='lat' dir='ltr'>primo</span> <span class='ocrx_word' id='word_1_66' title='bbox 340 1373 442 1445; x_wconf 73' lang='lat' dir='ltr'>raude),</span> <span class='ocrx_word' id='word_1_67' title='bbox 470 1392 550 1454; x_wconf 89' lang='lat' dir='ltr'>ergo</span> <span class='ocrx_word' id='word_1_68' title='bbox 573 1392 638 1435; x_wconf 92' lang='lat' dir='ltr'>non</span> <span class='ocrx_word' id='word_1_69' title='bbox 663 1373 736 1454; x_wconf 92' lang='lat' dir='ltr'>plus</span> <span class='ocrx_word' id='word_1_70' title='bbox 759 1372 940 1454; x_wconf 92' lang='lat' dir='ltr'>concipitur</span> <span class='ocrx_word' id='word_1_71' title='bbox 961 1371 1052 1434; x_wconf 92' lang='lat' dir='ltr'>Deus</span> <span class='ocrx_word' id='word_1_72' title='bbox 1072 1391 1174 1452; x_wconf 90' lang='lat' dir='ltr'>quam</span> 
     </span>
     <span class='ocr_line' id='line_1_12' title="bbox 213 1477 1176 1561; baseline -0.003 -20"><span class='ocrx_word' id='word_1_73' title='bbox 213 1477 378 1554; x_wconf 84' lang='lat' dir='ltr'>chimaera,</span> <span class='ocrx_word' id='word_1_74' title='bbox 407 1478 484 1560; x_wconf 90' lang='lat' dir='ltr'>quia</span> <span class='ocrx_word' id='word_1_75' title='bbox 513 1499 595 1561; x_wconf 87' lang='lat' dir='ltr'>pura</span> <span class='ocrx_word' id='word_1_76' title='bbox 624 1479 764 1561; x_wconf 70' lang='lat' dir='ltr'>negotiu,</span> <span class='ocrx_word' id='word_1_77' title='bbox 794 1489 874 1560; x_wconf 84' lang='lat' dir='ltr'>puta</span> <span class='ocrx_word' id='word_1_78' title='bbox 904 1498 970 1540; x_wconf 88' lang='lat' dir='ltr'>non</span> <span class='ocrx_word' id='word_1_79' title='bbox 998 1499 1067 1540; x_wconf 89' lang='lat' dir='ltr'>esse</span> <span class='ocrx_word' id='word_1_80' title='bbox 1095 1477 1176 1559; x_wconf 87' lang='lat' dir='ltr'>lapi-</span> 
     </span>
     <span class='ocr_line' id='line_1_13' title="bbox 213 1584 1177 1658; baseline 0 -12"><span class='ocrx_word' id='word_1_81' title='bbox 213 1586 299 1658; x_wconf 86' lang='lat' dir='ltr'>dem,</span> <span class='ocrx_word' id='word_1_82' title='bbox 325 1586 369 1648; x_wconf 87' lang='lat' dir='ltr'>ita</span> <span class='ocrx_word' id='word_1_83' title='bbox 392 1585 510 1648; x_wconf 89' lang='lat' dir='ltr'>dicitur</span> <span class='ocrx_word' id='word_1_84' title='bbox 546 1585 587 1648; x_wconf 90' lang='lat' dir='ltr'>de</span> <span class='ocrx_word' id='word_1_85' title='bbox 610 1585 767 1648; x_wconf 85' lang='lat' dir='ltr'>chimaera</span> <span class='ocrx_word' id='word_1_86' title='bbox 791 1585 874 1647; x_wconf 91' lang='lat' dir='ltr'>sicut</span> <span class='ocrx_word' id='word_1_87' title='bbox 897 1585 939 1647; x_wconf 89' lang='lat' dir='ltr'>de</span> <span class='ocrx_word' id='word_1_88' title='bbox 963 1584 1045 1647; x_wconf 91' lang='lat' dir='ltr'>Deo.</span> <span class='ocrx_word' id='word_1_89' title='bbox 1071 1584 1105 1648; x_wconf 89' lang='lat' dir='ltr'>Si</span> <span class='ocrx_word' id='word_1_90' title='bbox 1127 1605 1177 1646; x_wconf 81' lang='lat' dir='ltr'>se·</span> 
     </span>
     <span class='ocr_line' id='line_1_14' title="bbox 212 1689 1177 1774; baseline -0.001 -21"><span class='ocrx_word' id='word_1_91' title='bbox 212 1693 316 1754; x_wconf 80' lang='lat' dir='ltr'>cundo</span> <span class='ocrx_word' id='word_1_92' title='bbox 340 1693 441 1764; x_wconf 72' lang='lat' dir='ltr'>ruodcr,</span> <span class='ocrx_word' id='word_1_93' title='bbox 471 1701 507 1754; x_wconf 88' lang='lat' dir='ltr'>ut</span> <span class='ocrx_word' id='word_1_94' title='bbox 530 1692 617 1754; x_wconf 79' lang='lat' dir='ltr'>dicta</span> <span class='ocrx_word' id='word_1_95' title='bbox 641 1692 682 1754; x_wconf 91' lang='lat' dir='ltr'>de</span> <span class='ocrx_word' id='word_1_96' title='bbox 705 1691 826 1774; x_wconf 86' lang='lat' dir='ltr'>aliquo,</span> <span class='ocrx_word' id='word_1_97' title='bbox 849 1701 938 1765; x_wconf 87' lang='lat' dir='ltr'>tunc,</span> <span class='ocrx_word' id='word_1_98' title='bbox 962 1701 1023 1754; x_wconf 87' lang='lat' dir='ltr'>aut</span> <span class='ocrx_word' id='word_1_99' title='bbox 1038 1689 1177 1754; x_wconf 86' lang='lat' dir='ltr'>habetur</span> 
     </span>
     <span class='ocr_line' id='line_1_15' title="bbox 214 1797 1177 1881; baseline 0 -21"><span class='ocrx_word' id='word_1_100' title='bbox 214 1809 393 1880; x_wconf 88' lang='lat' dir='ltr'>conceptus</span> <span class='ocrx_word' id='word_1_101' title='bbox 416 1799 640 1874; x_wconf 73' lang='lat' dir='ltr'>affirmativus</span> <span class='ocrx_word' id='word_1_102' title='bbox 664 1808 698 1861; x_wconf 94' lang='lat' dir='ltr'>et</span> <span class='ocrx_word' id='word_1_103' title='bbox 721 1799 767 1861; x_wconf 92' lang='lat' dir='ltr'>sic</span> <span class='ocrx_word' id='word_1_104' title='bbox 790 1799 998 1881; x_wconf 84' lang='lat' dir='ltr'>cognoscitur</span> <span class='ocrx_word' id='word_1_105' title='bbox 1015 1797 1106 1860; x_wconf 90' lang='lat' dir='ltr'>Deus</span> <span class='ocrx_word' id='word_1_106' title='bbox 1128 1797 1177 1860; x_wconf 85' lang='lat' dir='ltr'>af·</span> 
     </span>
     <span class='ocr_line' id='line_1_16' title="bbox 215 1883 1178 1987; baseline 0 -21"><span class='ocrx_word' id='word_1_107' title='bbox 215 1903 385 1980; x_wconf 88' lang='lat' dir='ltr'>firmative,</span> <span class='ocrx_word' id='word_1_108' title='bbox 409 1915 468 1968; x_wconf 83' lang='lat' dir='ltr'>aut</span> <span class='ocrx_word' id='word_1_109' title='bbox 490 1905 627 1968; x_wconf 86' lang='lat' dir='ltr'>habetur</span> <span class='ocrx_word' id='word_1_110' title='bbox 651 1915 831 1986; x_wconf 89' lang='lat' dir='ltr'>conceptus</span> <span class='ocrx_word' id='word_1_111' title='bbox 847 1883 1027 1987; x_wconf 80' lang='lat' dir='ltr'>negativus,</span> <span class='ocrx_word' id='word_1_112' title='bbox 1044 1914 1077 1968; x_wconf 89' lang='lat' dir='ltr'>et</span> <span class='ocrx_word' id='word_1_113' title='bbox 1097 1914 1178 1967; x_wconf 92' lang='lat' dir='ltr'>tunc</span> 
     </span>
     <span class='ocr_line' id='line_1_17' title="bbox 215 2009 1178 2095; baseline -0.001 -22"><span class='ocrx_word' id='word_1_114' title='bbox 215 2012 372 2093; x_wconf 81' lang='lat' dir='ltr'>quaeritur</span> <span class='ocrx_word' id='word_1_115' title='bbox 396 2013 436 2074; x_wconf 88' lang='lat' dir='ltr'>de</span> <span class='ocrx_word' id='word_1_116' title='bbox 461 2013 512 2074; x_wconf 84' lang='lat' dir='ltr'>illa</span> <span class='ocrx_word' id='word_1_117' title='bbox 536 2013 711 2095; x_wconf 86' lang='lat' dir='ltr'>negatione</span> <span class='ocrx_word' id='word_1_118' title='bbox 740 2013 823 2074; x_wconf 91' lang='lat' dir='ltr'>sicut</span> <span class='ocrx_word' id='word_1_119' title='bbox 852 2012 892 2074; x_wconf 89' lang='lat' dir='ltr'>de</span> <span class='ocrx_word' id='word_1_120' title='bbox 920 2011 1019 2093; x_wconf 82' lang='lat' dir='ltr'>priori</span> <span class='ocrx_word' id='word_1_121' title='bbox 1048 2011 1080 2074; x_wconf 92' lang='lat' dir='ltr'>in</span> <span class='ocrx_word' id='word_1_122' title='bbox 1108 2009 1178 2073; x_wconf 90' lang='lat' dir='ltr'>infi-</span> 
     </span>
     <span class='ocr_line' id='line_1_18' title="bbox 215 2117 1179 2202; baseline 0 -22"><span class='ocrx_word' id='word_1_123' title='bbox 215 2119 319 2181; x_wconf 94' lang='lat' dir='ltr'>nitum</span> <span class='ocrx_word' id='word_1_124' title='bbox 333 2139 504 2200; x_wconf 88' lang='lat' dir='ltr'>quousque</span> <span class='ocrx_word' id='word_1_125' title='bbox 520 2120 577 2182; x_wconf 90' lang='lat' dir='ltr'>des</span> <span class='ocrx_word' id='word_1_126' title='bbox 589 2129 786 2202; x_wconf 89' lang='lat' dir='ltr'>conceptum</span> <span class='ocrx_word' id='word_1_127' title='bbox 799 2119 1041 2180; x_wconf 86' lang='lat' dir='ltr'>affirmativum.</span> <span class='ocrx_word' id='word_1_128' title='bbox 1059 2153 1073 2164; x_wconf 94' lang='lat'><strong>·</strong></span> <span class='ocrx_word' id='word_1_129' title='bbox 1084 2117 1179 2192; x_wconf 63' lang='grc' dir='ltr'>ΡΜ-</span> 
     </span>
     <span class='ocr_line' id='line_1_19' title="bbox 216 2224 1175 2308; baseline -0.001 -21"><span class='ocrx_word' id='word_1_130' title='bbox 216 2236 301 2288; x_wconf 79' lang='lat' dir='ltr'>terea</span> <span class='ocrx_word' id='word_1_131' title='bbox 323 2244 354 2308; x_wconf 76' lang='lat'>4.</span> <span class='ocrx_word' id='word_1_132' title='bbox 380 2224 526 2307; x_wconf 79' lang='lat' dir='ltr'>Metaplt.</span> <span class='ocrx_word' id='word_1_133' title='bbox 551 2234 584 2288; x_wconf 89' lang='lat' dir='ltr'>et</span> <span class='ocrx_word' id='word_1_134' title='bbox 607 2245 637 2288; x_wconf 88' lang='lat'>2.</span> <span class='ocrx_word' id='word_1_135' title='bbox 662 2224 845 2288; x_wconf 82' lang='lat' dir='ltr'>Pcriherm.</span> <span class='ocrx_word' id='word_1_136' title='bbox 870 2225 987 2287; x_wconf 89' lang='lat' dir='ltr'>dicitur</span> <span class='ocrx_word' id='word_1_137' title='bbox 1010 2225 1101 2306; x_wconf 93' lang='lat' dir='ltr'>quod</span> <span class='ocrx_word' id='word_1_138' title='bbox 1121 2245 1175 2287; x_wconf 89' lang='lat' dir='ltr'>ne-</span> 
     </span>
     <span class='ocr_line' id='line_1_20' title="bbox 217 2331 1179 2414; baseline 0 -21"><span class='ocrx_word' id='word_1_139' title='bbox 217 2333 363 2414; x_wconf 88' lang='lat' dir='ltr'>gationes</span> <span class='ocrx_word' id='word_1_140' title='bbox 386 2333 615 2414; x_wconf 87' lang='lat' dir='ltr'>cognoscimus</span> <span class='ocrx_word' id='word_1_141' title='bbox 632 2353 688 2414; x_wconf 87' lang='lat' dir='ltr'>per</span> <span class='ocrx_word' id='word_1_142' title='bbox 704 2333 944 2395; x_wconf 85' lang='lat' dir='ltr'>affirmationes.</span> <span class='ocrx_word' id='word_1_143' title='bbox 957 2368 1002 2378; x_wconf 98' lang='lat'><em>-</em></span> <span class='ocrx_word' id='word_1_144' title='bbox 1014 2331 1179 2394; x_wconf 79' lang='lat' dir='ltr'>Proeterca</span> 
     </span>
     <span class='ocr_line' id='line_1_21' title="bbox 217 2437 1178 2521; baseline 0 -21"><span class='ocrx_word' id='word_1_145' title='bbox 217 2440 406 2521; x_wconf 85' lang='lat' dir='ltr'>negationes</span> <span class='ocrx_word' id='word_1_146' title='bbox 429 2449 558 2502; x_wconf 87' lang='lat' dir='ltr'>tantum</span> <span class='ocrx_word' id='word_1_147' title='bbox 584 2461 648 2502; x_wconf 90' lang='lat' dir='ltr'>non</span> <span class='ocrx_word' id='word_1_148' title='bbox 665 2459 795 2502; x_wconf 90' lang='lat' dir='ltr'>summe</span> <span class='ocrx_word' id='word_1_149' title='bbox 810 2457 976 2517; x_wconf 81' lang='lat' dir='ltr'>amamus3</span> <span class='ocrx_word' id='word_1_150' title='bbox 993 2437 1049 2501; x_wconf 91' lang='lat' dir='ltr'>sed</span> <span class='ocrx_word' id='word_1_151' title='bbox 1068 2437 1178 2500; x_wconf 91' lang='lat' dir='ltr'>Deum</span> 
     </span>
     <span class='ocr_line' id='line_1_22' title="bbox 217 2545 1182 2628; baseline 0.001 -22"><span class='ocrx_word' id='word_1_152' title='bbox 217 2565 346 2608; x_wconf 93' lang='lat' dir='ltr'>summe</span> <span class='ocrx_word' id='word_1_153' title='bbox 369 2565 533 2625; x_wconf 80' lang='lat' dir='ltr'>amamus3</span> <span class='ocrx_word' id='word_1_154' title='bbox 557 2567 636 2628; x_wconf 89' lang='lat' dir='ltr'>ergo</span> <span class='ocrx_word' id='word_1_155' title='bbox 671 2567 737 2608; x_wconf 93' lang='lat' dir='ltr'>non</span> <span class='ocrx_word' id='word_1_156' title='bbox 773 2545 911 2608; x_wconf 89' lang='lat' dir='ltr'>habetur</span> <span class='ocrx_word' id='word_1_157' title='bbox 945 2546 987 2607; x_wconf 90' lang='lat' dir='ltr'>de</span> <span class='ocrx_word' id='word_1_158' title='bbox 1014 2545 1087 2606; x_wconf 90' lang='lat' dir='ltr'>Deo</span> <span class='ocrx_word' id='word_1_159' title='bbox 1110 2554 1182 2607; x_wconf 86' lang='lat' dir='ltr'>tan·</span> 
     </span>
     <span class='ocr_line' id='line_1_23' title="bbox 218 2654 695 2734; baseline -0.002 -19"><span class='ocrx_word' id='word_1_160' title='bbox 218 2662 289 2715; x_wconf 89' lang='lat' dir='ltr'>tum</span> <span class='ocrx_word' id='word_1_161' title='bbox 313 2663 491 2733; x_wconf 90' lang='lat' dir='ltr'>conceptus</span> <span class='ocrx_word' id='word_1_162' title='bbox 514 2654 695 2734; x_wconf 88' lang='lat' dir='ltr'>negativus.</span> 
     </span>
    </p>

    <p class='ocr_par' dir='ltr' id='par_1_4' title="bbox 218 2755 1184 3162">
     <span class='ocr_line' id='line_1_24' title="bbox 285 2755 1183 2844; baseline -0.007 -19"><span class='ocrx_word' id='word_1_163' title='bbox 285 2755 376 2825; x_wconf 73' lang='lat' dir='ltr'>Alia</span> <span class='ocrx_word' id='word_1_164' title='bbox 399 2762 456 2826; x_wconf 83' lang='lat' dir='ltr'>est</span> <span class='ocrx_word' id='word_1_165' title='bbox 484 2757 612 2844; x_wconf 78' lang='lat' dir='ltr'>opinio</span> <span class='ocrx_word' id='word_1_166' title='bbox 643 2756 814 2832; x_wconf 77' lang='lat' dir='ltr'>Henrr&#39;ci,</span> <span class='ocrx_word' id='word_1_167' title='bbox 846 2759 902 2840; x_wconf 90' lang='lat' dir='ltr'>qui</span> <span class='ocrx_word' id='word_1_168' title='bbox 916 2827 920 2835; x_wconf 65' lang='grc'>,</span> <span class='ocrx_word' id='word_1_169' title='bbox 933 2759 1104 2841; x_wconf 87' lang='lat' dir='ltr'>distinguit</span> <span class='ocrx_word' id='word_1_170' title='bbox 1138 2759 1183 2821; x_wconf 86' lang='lat' dir='ltr'>de</span> 
     </span>
     <span class='ocr_line' id='line_1_25' title="bbox 218 2866 1184 2948; baseline -0.002 -19"><span class='ocrx_word' id='word_1_171' title='bbox 218 2866 405 2948; x_wconf 89' lang='lat' dir='ltr'>cognitione</span> <span class='ocrx_word' id='word_1_172' title='bbox 427 2867 563 2946; x_wconf 82' lang='lat' dir='ltr'>aiicujus</span> <span class='ocrx_word' id='word_1_173' title='bbox 586 2867 645 2929; x_wconf 87' lang='lat' dir='ltr'>sic:</span> <span class='ocrx_word' id='word_1_174' title='bbox 671 2867 808 2948; x_wconf 89' lang='lat' dir='ltr'>Aliquid</span> <span class='ocrx_word' id='word_1_175' title='bbox 825 2867 911 2928; x_wconf 92' lang='lat' dir='ltr'>enim</span> <span class='ocrx_word' id='word_1_176' title='bbox 934 2875 1042 2947; x_wconf 90' lang='lat' dir='ltr'>potest</span> <span class='ocrx_word' id='word_1_177' title='bbox 1056 2885 1184 2946; x_wconf 88' lang='lat' dir='ltr'>cogno·</span> 
     </span>
     <span class='ocr_line' id='line_1_26' title="bbox 219 2971 1183 3054; baseline -0.003 -19"><span class='ocrx_word' id='word_1_178' title='bbox 219 2972 263 3035; x_wconf 92' lang='lat' dir='ltr'>sci</span> <span class='ocrx_word' id='word_1_179' title='bbox 287 2973 336 3034; x_wconf 89' lang='lat' dir='ltr'>vel</span> <span class='ocrx_word' id='word_1_180' title='bbox 356 2984 470 3054; x_wconf 80' lang='lat' dir='ltr'>perse</span> <span class='ocrx_word' id='word_1_181' title='bbox 493 2974 542 3035; x_wconf 86' lang='lat' dir='ltr'>vei</span> <span class='ocrx_word' id='word_1_182' title='bbox 562 2983 622 3054; x_wconf 81' lang='lat' dir='ltr'>per</span> <span class='ocrx_word' id='word_1_183' title='bbox 652 2974 809 3035; x_wconf 80' lang='lat' dir='ltr'>accidens.</span> <span class='ocrx_word' id='word_1_184' title='bbox 842 2973 935 3045; x_wconf 80' lang='lat' dir='ltr'>Item,</span> <span class='ocrx_word' id='word_1_185' title='bbox 967 2971 1088 3053; x_wconf 90' lang='lat' dir='ltr'>aliquid</span> <span class='ocrx_word' id='word_1_186' title='bbox 1120 2991 1183 3053; x_wconf 70' lang='lat' dir='ltr'>po</span> 
     </span>
     <span class='ocr_line' id='line_1_27' title="bbox 219 3078 1157 3162; baseline -0.002 -21"><span class='ocrx_word' id='word_1_187' title='bbox 219 3089 281 3142; x_wconf 87' lang='lat' dir='ltr'>test</span> <span class='ocrx_word' id='word_1_188' title='bbox 305 3080 458 3162; x_wconf 91' lang='lat' dir='ltr'>cognosci</span> <span class='ocrx_word' id='word_1_189' title='bbox 482 3082 531 3141; x_wconf 86' lang='lat' dir='ltr'>vel</span> <span class='ocrx_word' id='word_1_190' title='bbox 556 3080 587 3141; x_wconf 92' lang='lat' dir='ltr'>in</span> <span class='ocrx_word' id='word_1_191' title='bbox 613 3081 798 3142; x_wconf 76' lang='lat' dir='ltr'>universali</span> <span class='ocrx_word' id='word_1_192' title='bbox 820 3080 869 3141; x_wconf 86' lang='lat' dir='ltr'>vel</span> <span class='ocrx_word' id='word_1_193' title='bbox 895 3080 926 3140; x_wconf 94' lang='lat' dir='ltr'>in</span> <span class='ocrx_word' id='word_1_194' title='bbox 944 3078 1157 3160; x_wconf 82' lang='lat' dir='ltr'>purtt&#39;culari.</span> 
     </span>
    </p>

    <p class='ocr_par' dir='ltr' id='par_1_5' title="bbox 219 3186 1187 3782">
     <span class='ocr_line' id='line_1_28' title="bbox 285 3186 1184 3268; baseline 0 -22"><span class='ocrx_word' id='word_1_195' title='bbox 285 3187 344 3249; x_wconf 76' lang='lat' dir='ltr'>Ad</span> <span class='ocrx_word' id='word_1_196' title='bbox 359 3187 558 3268; x_wconf 81' lang='lat' dir='ltr'>propositum</span> <span class='ocrx_word' id='word_1_197' title='bbox 590 3187 681 3259; x_wconf 80' lang='lat' dir='ltr'>dicit,</span> <span class='ocrx_word' id='word_1_198' title='bbox 717 3188 807 3268; x_wconf 91' lang='lat' dir='ltr'>quod</span> <span class='ocrx_word' id='word_1_199' title='bbox 839 3186 929 3247; x_wconf 90' lang='lat' dir='ltr'>Deus</span> <span class='ocrx_word' id='word_1_200' title='bbox 961 3205 1026 3247; x_wconf 93' lang='lat' dir='ltr'>non</span> <span class='ocrx_word' id='word_1_201' title='bbox 1057 3205 1184 3267; x_wconf 88' lang='lat' dir='ltr'>cogno·</span> 
     </span>
     <span class='ocr_line' id='line_1_29' title="bbox 220 3291 1184 3375; baseline -0.002 -21"><span class='ocrx_word' id='word_1_202' title='bbox 220 3293 320 3355; x_wconf 91' lang='lat' dir='ltr'>scitur</span> <span class='ocrx_word' id='word_1_203' title='bbox 338 3305 400 3374; x_wconf 76' lang='lat' dir='ltr'>prr</span> <span class='ocrx_word' id='word_1_204' title='bbox 422 3295 581 3366; x_wconf 78' lang='lat' dir='ltr'>accidens,</span> <span class='ocrx_word' id='word_1_205' title='bbox 609 3294 687 3374; x_wconf 85' lang='lat' dir='ltr'>quia</span> <span class='ocrx_word' id='word_1_206' title='bbox 710 3294 870 3374; x_wconf 91' lang='lat' dir='ltr'>quidquid</span> <span class='ocrx_word' id='word_1_207' title='bbox 900 3291 1109 3375; x_wconf 88' lang='lat' dir='ltr'>cognoscitur</span> <span class='ocrx_word' id='word_1_208' title='bbox 1140 3292 1184 3353; x_wconf 87' lang='lat' dir='ltr'>de</span> 
     </span>
     <span class='ocr_line' id='line_1_30' title="bbox 223 3398 1184 3482; baseline 0 -22"><span class='ocrx_word' id='word_1_209' title='bbox 223 3399 295 3460; x_wconf 88' lang='lat' dir='ltr'>Deo</span> <span class='ocrx_word' id='word_1_210' title='bbox 318 3410 366 3461; x_wconf 88' lang='lat' dir='ltr'>est</span> <span class='ocrx_word' id='word_1_211' title='bbox 391 3400 495 3480; x_wconf 86' lang='lat' dir='ltr'>Deus;</span> <span class='ocrx_word' id='word_1_212' title='bbox 521 3401 730 3482; x_wconf 89' lang='lat' dir='ltr'>cognoscitur</span> <span class='ocrx_word' id='word_1_213' title='bbox 753 3410 863 3462; x_wconf 84' lang='lat' dir='ltr'>autem</span> <span class='ocrx_word' id='word_1_214' title='bbox 887 3399 985 3480; x_wconf 80' lang='lat' dir='ltr'>quasi</span> <span class='ocrx_word' id='word_1_215' title='bbox 1007 3409 1069 3480; x_wconf 80' lang='lat' dir='ltr'>per</span> <span class='ocrx_word' id='word_1_216' title='bbox 1097 3398 1184 3460; x_wconf 82' lang='lat' dir='ltr'>acci-</span> 
     </span>
     <span class='ocr_line' id='line_1_31' title="bbox 220 3505 1184 3588; baseline -0.002 -20"><span class='ocrx_word' id='word_1_217' title='bbox 220 3507 309 3578; x_wconf 81' lang='lat' dir='ltr'>dens,</span> <span class='ocrx_word' id='word_1_218' title='bbox 338 3507 457 3569; x_wconf 88' lang='lat' dir='ltr'>scilicet</span> <span class='ocrx_word' id='word_1_219' title='bbox 481 3507 513 3568; x_wconf 94' lang='lat' dir='ltr'>in</span> <span class='ocrx_word' id='word_1_220' title='bbox 538 3508 647 3588; x_wconf 84' lang='lat' dir='ltr'>aliquo</span> <span class='ocrx_word' id='word_1_221' title='bbox 671 3507 836 3579; x_wconf 75' lang='lat' dir='ltr'>attributo,</span> <span class='ocrx_word' id='word_1_222' title='bbox 857 3515 889 3568; x_wconf 88' lang='lat' dir='ltr'>et</span> <span class='ocrx_word' id='word_1_223' title='bbox 904 3505 1098 3568; x_wconf 79' lang='lat' dir='ltr'>attributum</span> <span class='ocrx_word' id='word_1_224' title='bbox 1116 3525 1184 3567; x_wconf 91' lang='lat' dir='ltr'>non</span> 
     </span>
     <span class='ocr_line' id='line_1_32' title="bbox 220 3611 1187 3695; baseline -0.001 -20"><span class='ocrx_word' id='word_1_225' title='bbox 220 3613 299 3675; x_wconf 90' lang='lat' dir='ltr'>dicit</span> <span class='ocrx_word' id='word_1_226' title='bbox 323 3613 384 3674; x_wconf 86' lang='lat' dir='ltr'>Dei</span> <span class='ocrx_word' id='word_1_227' title='bbox 409 3623 569 3686; x_wconf 85' lang='lat' dir='ltr'>naturam,</span> <span class='ocrx_word' id='word_1_228' title='bbox 594 3614 650 3675; x_wconf 86' lang='lat' dir='ltr'>sed</span> <span class='ocrx_word' id='word_1_229' title='bbox 674 3613 796 3695; x_wconf 88' lang='lat' dir='ltr'>aliquid</span> <span class='ocrx_word' id='word_1_230' title='bbox 819 3614 904 3675; x_wconf 81' lang='lat' dir='ltr'>circa</span> <span class='ocrx_word' id='word_1_231' title='bbox 920 3622 1082 3686; x_wconf 84' lang='lat' dir='ltr'>naturam,</span> <span class='ocrx_word' id='word_1_232' title='bbox 1099 3611 1187 3674; x_wconf 89' lang='lat' dir='ltr'>sicut</span> 
     </span>
     <span class='ocr_line' id='line_1_33' title="bbox 219 3719 679 3782; baseline 0.002 -2"><span class='ocrx_word' id='word_1_233' title='bbox 219 3719 300 3781; x_wconf 92' lang='lat' dir='ltr'>dicit</span> <span class='ocrx_word' id='word_1_234' title='bbox 324 3720 547 3782; x_wconf 85' lang='lat' dir='ltr'>Damascenus</span> <span class='ocrx_word' id='word_1_235' title='bbox 570 3720 624 3782; x_wconf 79' lang='lat' dir='ltr'>lib.</span> <span class='ocrx_word' id='word_1_236' title='bbox 650 3739 679 3782; x_wconf 81' lang='grc' dir='ltr'>Ι.</span> 
     </span>
    </p>
   </div>
   <div class='ocr_carea' id='block_1_3' title="bbox 0 0 1357 4209">
    <p class='ocr_par' dir='ltr' id='par_1_6' title="bbox 0 0 1357 4209">
     <span class='ocr_line' id='line_1_34' title="bbox 0 0 1357 4209; baseline 0 0"><span class='ocrx_word' id='word_1_237' title='bbox 0 0 1357 4209; x_wconf 95' lang='lat' dir='ltr'> </span> 
     </span>
    </p>
   </div>
  </div>
 </body>
</html>
