2684 4209
360 290 546 354 Drsrnrcr.
571 288 637 351 XX
662 286 849 369 Quasnl
1033 301 1098 368 257

225 495 289 562 Be
313 495 442 561 terh'o
465 493 666 560 Am'oulo
689 494 763 556 dico
785 493 877 576 quod
892 494 1120 557 correlativum

156 602 313 685 potentiae
336 602 452 665 activae
475 611 524 665 est
547 600 708 683 possibile.
740 600 899 665 Possibile
928 610 1042 664 autern
1072 622 1124 663 ac·

157 710 274 791 cipitur
298 709 482 790 dupliciter:
509 728 575 771 uno
606 708 708 770 modo
739 717 776 770 ut
799 707 977 790 opponitur
1008 708 1123 790 impos·

156 816 257 890 sibili,
282 815 345 878 alio
369 816 470 877 modo
493 825 530 877 ut
558 815 735 897 opponitur
758 815 788 877 ei
818 815 909 896 quod
939 824 990 877 est
1020 834 1123 877 neces-

157 923 295 986 sarium.
319 922 468 985 Potentia
490 930 601 984 antem
625 922 734 985 divina
758 941 824 983 non
852 922 1002 984 extendit
1024 942 1058 985 se
1081 921 1124 984 ad

85 1052 95 1072 ·
151 1028 308 1111 possibile
324 1029 435 1109 primo
458 1029 559 1113 modo,
583 1028 660 1110 quia
684 1028 747 1090 isto
771 1027 871 1090 modo
894 1028 1046 1109 possibile
1076 1037 1125 1091 est

158 1135 266 1198 Deum
289 1155 363 1209 esse,
387 1144 420 1197 et
443 1144 553 1196 tamen
578 1133 641 1197 hoc
657 1154 723 1197 non
740 1144 788 1196 est
803 1134 961 1197 terminus
989 1133 1125 1215 alicujus

159 1241 316 1324 potentiae
339 1240 465 1303 activae.
491 1241 583 1322 Ergo
610 1250 741 1322 oportet
767 1241 857 1323 quod
889 1241 950 1303 ista
979 1240 1126 1323 potentia

160 1349 267 1411 activa
290 1347 423 1430 aspiciat
433 1347 587 1429 possibile
601 1347 737 1410 secundo
753 1348 853 1422 modo,
874 1348 995 1411 scilicet
1018 1358 1055 1411 ut
1070 1369 1126 1430 op

160 1456 293 1538 ponitur
316 1454 492 1517 necessario
514 1476 555 1517 ex
578 1475 619 1518 se.
653 1454 718 1519 Sed
741 1454 900 1536 quidquid
923 1464 973 1518 est
994 1454 1027 1517 in
1052 1454 1126 1518 Deo

159 1572 263 1625 estex
287 1582 321 1624 se
352 1562 576 1635 necessarium,
608 1571 641 1623 et
659 1561 819 1642 quidquid
839 1570 888 1623 est
907 1570 1001 1623 extra
1015 1561 1125 1623 Deum
1199 1584 1202 1590 ’

160 1679 209 1731 est
232 1668 383 1751 possibile
405 1689 490 1744 esse;
514 1689 595 1751 ergo
617 1669 764 1750 potentia
787 1668 893 1731 activa
914 1668 947 1730 in
970 1688 1036 1749 qua
1052 1689 1125 1749 per·

159 1796 250 1838 sonae
273 1775 393 1837 divinae
416 1784 493 1838 sunt
508 1774 651 1856 aeqnales
666 1796 700 1837 se
712 1775 861 1838 extendit
876 1775 917 1836 ad
934 1794 1033 1837 omne
1048 1794 1124 1856 pos-

160 1882 251 1945 sibile
265 1902 344 1956 esse,
368 1882 469 1944 etsie
492 1881 534 1943 ad
558 1901 656 1944 omne
679 1881 769 1963 quod
792 1890 841 1943 est
863 1890 958 1943 extra
985 1880 1106 1944 Deum.

228 1987 296 2051 Sed
315 1998 489 2051 occurrunt
509 1987 563 2049 lzr'c
586 1988 649 2050 duo
671 1985 783 2060 dubia,
804 1988 879 2069 quia
903 1988 1049 2069 potentia
1068 2009 1122 2051 ac-

160 2095 227 2157 tiva
250 2094 282 2157 in
306 2116 372 2176 qua
395 2114 542 2177 personae
574 2094 694 2157 divinae
718 2104 794 2157 sunt
821 2094 964 2176 aequales
991 2095 1123 2176 ponitur

160 2202 194 2263 in
225 2200 299 2263 Deo
322 2202 364 2263 ad
391 2211 496 2265 extra.
528 2200 593 2265 Sed
617 2202 701 2263 sicut
731 2200 776 2263 ait
811 2201 1062 2265 Commentator
1091 2220 1123 2284 9.

161 2306 309 2388 Metaplr.
338 2308 363 2369 si
387 2308 458 2369 talis
482 2308 627 2389 potentia
650 2307 757 2369 activa
780 2308 911 2389 ponitur
934 2308 967 2370 in
985 2308 1058 2371 Deo
1081 2308 1124 2370 ad

160 2424 267 2488 extra,
290 2424 368 2476 tunc
392 2434 459 2475 non
489 2423 584 2475 erunt
614 2410 745 2495 agentia
775 2414 964 2476 secundaria
988 2414 1020 2477 in
1051 2415 1122 2477 uni-

161 2542 265 2595 verse,
291 2520 339 2583 vel
364 2520 389 2582 si
413 2530 497 2593 sunt,
522 2530 617 2582 erunt
640 2520 812 2603 superflua,
836 2521 926 2603 quod
942 2530 991 2583 est
1015 2521 1123 2583 incon-

161 2628 303 2701 veniens,
327 2627 405 2708 quia
427 2637 505 2689 tnnc
529 2628 614 2690 entia
639 2648 704 2690 non
729 2628 885 2690 haberent
909 2628 1055 2710 proprias
1075 2648 1126 2691 ae-

162 2734 267 2796 tiones
289 2744 322 2796 et
345 2754 403 2815 per
426 2754 627 2815 consequens
651 2755 710 2797 nec
734 2735 881 2817 proprias
900 2734 1061 2797 essentiae.
1081 2734 1127 2797 Et

161 2840 273 2903 subdit
296 2840 386 2921 quod
409 2840 465 2922 qui
481 2851 609 2922 ponunt
625 2840 689 2903 hoc
716 2861 782 2903 non
809 2841 931 2903 habent
957 2841 1126 2903 cerebrum

165 2946 353 3009 naturaliter
376 2948 418 3008 ad
442 2946 566 3009 bonurn
591 2958 716 3029 aptum.

233 3052 417 3116 Secundum
441 3054 576 3117 dubium
592 3064 649 3137 est,
667 3054 744 3135 qnia
763 3054 853 3136 qnod
869 3074 903 3116 se
918 3053 1017 3116 habet
1032 3054 1065 3115 in
1081 3074 1137 3115 ra·-

163 3158 252 3222 tione
276 3158 348 3223 finis
371 3180 437 3222 non
460 3181 494 3223 se
518 3160 616 3223 habet
639 3162 670 3222 in
696 3161 818 3223 ratione
841 3160 1015 3223 efficientis.

232 3268 291 3329 Ad
304 3266 453 3348 primum
478 3268 594 3329 dicitur
617 3268 708 3348 quod
732 3268 837 3350 posita
853 3268 906 3329 illa
922 3266 1066 3349 potentia
1082 3289 1128 3329 re-

164 3383 279 3455 spectu
308 3373 414 3435 omnis
449 3374 608 3455 possibilis
638 3374 748 3437 adhuc
777 3374 908 3455 agentia
938 3374 1128 3436 secundaria

165 3500 232 3543 non
256 3490 351 3542 erunt
374 3480 553 3562 superflua;
578 3482 668 3563 quod
692 3481 907 3543 declaratura
930 3480 1126 3562 quibusdam

165 3608 223 3669 per
247 3586 310 3649 hoc
326 3588 415 3668 quod
428 3608 529 3669 agens
553 3588 741 3669 primarium
765 3598 798 3650 et
813 3587 1040 3649 secundarium
1061 3608 1128 3649 non

165 3703 365 3756 concurrunt
388 3694 430 3756 ad
446 3694 596 3757 effectum
614 3696 730 3757 eodem
748 3695 857 3757 mod0.
875 3695 909 3756 A
931 3694 1127 3776 quibusdam

1048 3822 1074 3866 ll
