2684 4209
252 258 293 303 22
507 242 581 305 Lm.
607 244 619 304 1
645 243 940 305 Sesreurmuuu

225 360 309 369 ——-—-
799 361 818 366 .-
1039 360 1189 369 .-—-——

295 444 360 513 Ad
385 446 559 532 prunum
591 450 865 533 argumentum
898 448 971 509 dico
1002 448 1092 528 quod
1125 468 1190 509 non

226 554 322 625 valet,
347 555 423 635 quia
447 565 581 616 nonest
605 555 746 616 efficacia
769 554 915 635 ejusdem
942 555 1087 629 rationis;
1113 551 1189 616 nam

226 661 369 721 efficacia
393 660 523 721 luminis
547 658 620 721 fidei
652 671 701 721 est
725 661 756 723 in
780 661 981 723 adhaerendo
1013 662 1094 727 Deo.
1127 663 1191 723 effi·
1218 664 1223 676 '

227 768 314 828 cacia
338 778 446 829 autem
473 768 601 829 luminis
626 768 779 828 naturalis
802 770 897 830 estin
915 790 988 830 vere
1004 770 1135 830 sciendo
1158 780 1191 830 et

227 873 446 955 intelligendo

296 982 353 1043 nd
374 981 548 1044 secundnm
580 982 653 1042 dico
685 982 775 1062 quod
807 981 939 1043 scientia
971 983 1191 1043 subalternata

227 1108 293 1149 non
318 1097 367 1150 est
389 1088 521 1149 scientia
544 1110 587 1150 ex
611 1109 649 1149 eo
666 1089 755 1168 quod
774 1088 871 1150 habet
888 1088 1045 1169 principia
1060 1100 1189 1150 tantum

227 1194 359 1267 credita,
384 1196 439 1257 sed
464 1196 540 1276 quia
564 1195 654 1256 novit
677 1215 715 1256 ea
739 1216 795 1275 per
824 1195 1076 1275 experientiam
1101 1196 1190 1275 quod

229 1309 259 1369 in
285 1310 453 1391 proposito
477 1311 539 1372 dici
564 1331 628 1372 non
653 1320 770 1391 potest,
800 1311 876 1390 quia
908 1311 1063 1392 principia
1095 1310 1193 1389 hujus

160 1430 163 1435 '
228 1416 371 1479 scientiae
396 1438 461 1479 non
486 1428 561 1479 sunt
586 1438 641 1498 per
657 1417 891 1497 experientiam
910 1427 995 1479 nota.
1015 1418 1060 1479 Et
1075 1419 1192 1478 codem

229 1523 330 1584 modo
354 1524 427 1585 dico
451 1525 493 1585 ad
518 1524 604 1593 illud.
629 1524 659 1584 6.
686 1522 795 1585 Etlric.
821 1525 910 1603 quod
935 1524 1050 1585 sufficit
1080 1523 1195 1603 princi-

228 1629 282 1710 pia
310 1630 488 1711 aliqualiter
511 1652 580 1692 esse
604 1641 691 1703 nota,
717 1632 807 1703 idest,
833 1652 889 1712 per
913 1631 1157 1711 experientiam.

299 1822 390 1892 Alia
413 1824 542 1910 Opimi)
566 1826 643 1888 dicit
666 1827 755 1908 quod
781 1826 962 1907 Theologia
985 1837 1034 1889 est
1061 1826 1195 1889 scientia

231 1960 297 2001 non
321 1940 454 2022 quidem
480 1941 511 2002 in
536 1942 657 2003 lumine
683 1940 766 2012 fidei,
793 1961 851 2003 nec
876 1941 906 2003 in
932 1943 1053 2003 lumine
1070 1942 1191 2024 gloriae,

230 2055 287 2117 sed
312 2056 344 2117 in
369 2057 513 2136 quodam
539 2057 660 2118 lumine
686 2057 803 2129 medi0,
828 2077 867 2119 eo
896 2058 996 2118 modo
1024 2079 1091 2138 quo
1120 2058 1195 2119 dici—

231 2190 305 2231 mus
330 2171 439 2232 lumen
465 2172 661 2233 matutinum
687 2171 738 2233 cui
762 2173 994 2253 correspondet
1025 2174 1133 2235 lumen
1159 2171 1196 2233 fi-

230 2284 291 2357 dei,
316 2286 481 2347 etlumen
507 2287 646 2348 meridiei
672 2288 722 2348 cui
747 2288 977 2367 correspondet
995 2289 1104 2349 lumen
1127 2290 1196 2370 glo-

232 2401 297 2470 riae,
327 2411 360 2463 et
393 2403 501 2463 lumen
536 2402 679 2463 medium
712 2403 801 2483 quod
833 2403 986 2464 continue
1017 2402 1145 2484 proficit
1176 2426 1195 2466 a

232 2517 393 2578 matutino
416 2518 458 2579 ad
484 2518 683 2579 meridiem·
718 2519 789 2579 Hoc
804 2518 1019 2601 confirmatur
1038 2519 1097 2580 sic:
1116 2518 1198 2581 Om-

232 2631 323 2693 nium
356 2632 484 2695 illorum
517 2654 691 2714 possumus
723 2632 841 2695 habere
872 2633 1019 2696 notitiam
1052 2654 1193 2714 quorum

231 2746 388 2809 terminos
412 2768 586 2829 possumus
610 2749 795 2811 naturaliter
819 2768 1029 2830 cognoscere;
1054 2749 1110 2811 sed
1127 2770 1199 2810 om-

233 2861 324 2923 nium
354 2864 606 2925 necessariorum
638 2864 898 2945 theologicorum
931 2884 1105 2945 possumus
1136 2875 1198 2926 ter—

234 2976 346 3061 minos
363 2979 549 3041 naturaliter
578 2999 775 3061 cognoscere
806 2979 838 3041 in
870 2979 936 3054 via;
969 3000 1047 3061 ergo
1079 2979 1120 3041 de
1150 2981 1199 3043 eis

233 3112 408 3173 possumus
432 3115 506 3157 vere
529 3095 696 3156 scientiam
722 3094 850 3156 habere.
873 3096 988 3177 liseur
1002 3106 1101 3176 patet.
1118 3096 1195 3176 quia

233 3199 390 3281 principia
413 3202 641 3282 cognoscimus
665 3202 859 3281 inquantum
891 3202 1045 3263 terminos
1076 3222 1196 3283 cogno-

233 3305 363 3368 scimus.
388 3306 445 3368 Illa
468 3318 578 3369 autem
603 3309 789 3379 necessaria,
813 3317 871 3369 aut
886 3319 962 3370 sunt
979 3308 1119 3370 mediata
1138 3320 1196 3371 aut

234 3409 431 3474 immediata.
451 3413 483 3476 Si
502 3413 703 3484 z'nunedr'ntn,
724 3435 803 3495 ergo
819 3415 957 3496 cognitis
978 3415 1121 3477 terminis
1145 3436 1199 3477 co·
1248 3488 1252 3494 q

234 3519 423 3599 gnoscimus
458 3520 519 3581 illa.
560 3520 594 3582 Si
632 3531 742 3583 autem
774 3530 851 3583 sunt
882 3522 1035 3593 taediata,
1071 3522 1197 3603 accipio

234 3626 377 3689 medium
408 3636 440 3688 et
464 3646 619 3707 comparo
643 3628 685 3689 ad
716 3638 902 3690 extremum
933 3649 1105 3709 quousque
1139 3630 1200 3691 des
