2684 4209
230 254 291 316 126
467 253 541 316 Lns.
566 253 580 316 Ι
605 253 901 318 Snuruurmuuu

195 457 320 522 Scotus
347 458 424 520 dicit
447 459 537 540 quod
561 460 642 522 ratio
659 458 757 540 hujus
775 467 824 522 est
842 459 918 521 ista:
936 457 1080 539 Quando
1095 459 1172 521 sub-

192 633 196 639 ,
200 563 324 646 jectum
347 575 396 628 est
410 565 609 627 abstractum
627 566 775 627 ultimata
791 565 1017 638 abstractione,
1035 573 1069 626 et
1085 585 1168 647 prae-

203 673 348 734 dicatum
374 693 439 734 non
464 671 659 754 praedicatur
684 672 742 734 nisi
767 670 943 734 formaliter
972 680 1005 733 et
1034 691 1091 752 per
1118 672 1173 733 ad-

192 778 385 859 jacentum,
410 778 463 840 illa
478 778 658 861 propositio
675 798 741 841 non
757 787 807 840 est
822 799 899 840 vera
915 776 974 839 nisi
995 776 1027 840 in
1061 778 1170 859 primo

204 886 305 946 modo
327 885 454 947 dicendi
479 906 535 967 per
558 905 601 957 se,
626 885 670 946 ita
695 885 785 966 quod
814 884 902 947 nulla
929 886 969 946 sit
1006 884 1170 946 distinctio

204 991 285 1054 inter
308 991 491 1072 subjectum
515 1001 548 1054 et
571 993 796 1073 praedicatum.
823 991 887 1055 Sed
903 991 1041 1053 essentia
1055 1000 1105 1053 est
1123 990 1168 1052 ul-

205 1098 318 1161 timate
350 1100 522 1172 abstracta,
556 1107 588 1160 et
623 1119 776 1180 generare
814 1117 942 1180 semper
972 1098 1171 1180 praedicatur

199 1203 378 1268 ¹formaliter
401 1226 459 1288 per
481 1205 709 1286 adjacentiam.
734 1205 826 1286 Ergo
850 1224 916 1267 non
939 1214 988 1267 est
1012 1225 1090 1267 vera
1112 1206 1170 1267 nisi

205 1333 261 1394 per
285 1333 319 1374 se
342 1313 448 1394 primo
473 1313 572 1374 modo
601 1311 729 1373 dicendi
761 1333 818 1393 per
848 1331 892 1385 se,
924 1311 1000 1392 quia
1031 1311 1171 1375 essentia

206 1420 320 1481 estad
344 1440 386 1494 se,
417 1440 570 1502 generare
598 1440 675 1480 vero
704 1429 752 1481 est
781 1418 900 1480 relatio.
932 1416 1032 1498 Quod
1060 1428 1169 1480 autem

199 1535 255 1587 est
277 1547 296 1586 a
319 1545 362 1600 se,
387 1547 452 1588 non
476 1534 523 1587 est
546 1525 634 1586 idem
658 1525 765 1606 primo
790 1526 890 1586 modo
906 1544 983 1586 curn
1006 1525 1168 1586 relatione.

207 1631 298 1714 Ergo
321 1633 381 1694 ista
405 1654 470 1694 non
494 1632 654 1694 est'vera:
680 1633 817 1693 essentia
845 1640 990 1714 generat.

273 1739 331 1801 Ad
354 1739 549 1801 evidentiam
591 1738 727 1821 majoris
761 1739 838 1800 dicit
869 1739 958 1821 quod
975 1739 1008 1800 in
1024 1738 1169 1799 substan·

207 1845 251 1908 tia
274 1855 322 1908 est
354 1867 418 1907 una
449 1846 623 1908 abstractio
660 1855 800 1918 tantum,
833 1845 952 1906 scilicet
981 1844 1169 1926 quidditatis

200 1972 225 2012 a
259 1953 441 2033 supposito;
478 1951 509 2014 in
538 1952 760 2014 accidentibus
787 1961 897 2013 autem
921 1951 1077 2014 absolutis
1092 1961 1169 2013 sunt

208 2059 284 2120 duae
315 2059 555 2149 abstractiones‚
585 2060 705 2121 scilicet
738 2080 806 2121 uua
843 2058 1018 2120 accidentis
1048 2080 1067 2121 a
1096 2059 1170 2120 sub-

203 2164 301 2245 ject0‚
325 2166 395 2227 alia
426 2164 615 2247 quidditntis
646 2187 665 2226 a
695 2165 875 2247 supposito,
904 2176 984 2246 puta
1012 2166 1169 2227 albedinis

206 2271 248 2332 ab
273 2272 332 2333 ista
363 2273 519 2334 albedine.
553 2273 589 2334 ln
621 2273 843 2339 accidentibus
873 2283 984 2334 autem
1016 2273 1168 2334 relativis

205 2387 281 2440 sunt
304 2387 368 2440 tres
384 2379 625 2452 abstractione5‚
643 2399 711 2440 una
728 2379 889 2441 relationis
910 2389 942 2440 et
964 2377 1168 2441 fundamenti

205 2505 225 2546 a
253 2485 413 2565 subjecto;
443 2487 524 2556 alia,
557 2485 720 2547 relarssonis
749 2505 768 2547 a
797 2484 1025 2559 fundamento;
1055 2485 1163 2557 tertio,

206 2591 394 2672 quidditatis
417 2613 436 2652 a
460 2593 639 2673 supposito,
667 2593 722 2653 Ex
746 2613 813 2673 qno
837 2601 927 2673 patet
942 2592 1032 2672 quod
1048 2592 1101 2653 illa
1119 2603 1168 2654 est

207 2697 354 2759 ultimata
378 2699 552 2760 abstractio
582 2699 614 2760 in
647 2719 712 2779 qua
744 2698 821 2760 nihil
853 2698 1034 2778 concipitur
1064 2699 1105 2760 de
1136 2719 1169 2761 re

206 2805 263 2868 nisi
288 2806 377 2887 quod
401 2816 448 2867 est
473 2806 570 2886 ipsius
586 2805 784 2886 quidditatis
803 2806 881 2867 Ideo
896 2805 973 2866 dicit
997 2805 1169 2868 Avicenna

202 2929 236 2994 5.
262 2911 408 2992 rtrcraplr.
433 2913 523 2992 quod
546 2911 707 2993 equinitas
730 2922 778 2974 cst
802 2921 929 2974 tantum
953 2911 1122 2992 equinitas.

275 3019 331 3080 Ad
361 3019 556 3080 evidentiam
593 3020 740 3090 minoris,
780 3027 857 3082 nota
890 3019 980 3099 qnod
1015 3017 1168 3080 adverbia

206 3135 240 3187 et
265 3126 431 3206 participia
455 3147 582 3206 semper
611 3126 641 3186 in
671 3145 731 3187 suo
761 3125 862 3187 modo
889 3123 1091 3206 significandi
1120 3125 1168 3187 in·

206 3233 342 3293 cludunt
366 3232 579 3312 adjacentiam
605 3241 636 3294 et
662 3233 797 3293 modum
824 3230 1166 3316 formalemrespectu

204 3339 341 3419 alicujus
365 3339 456 3419 quasi
480 3338 648 3419 suppositi;
673 3347 705 3400 et
729 3339 802 3400 ideo
826 3338 1045 3419 praedicantur
1069 3338 1101 3400 in
1118 3359 1167 3400 se-

207 3446 315 3506 cundo
341 3446 438 3506 modo
462 3445 587 3506 dicendi
613 3465 669 3526 per
693 3465 735 3506 se.
762 3445 795 3507 Si
819 3465 899 3526 ergo
915 3446 1168 3526 praedicarentur

205 3551 352 3624 identice,
377 3561 455 3613 tunc
479 3551 732 3632 praedicarentur
752 3552 904 3632 opposito
924 3554 1022 3616 modo
1043 3553 1168 3615 incluso

201 3657 238 3718 in
263 3657 394 3740 proprio
419 3658 517 3720 modo
541 3657 753 3740 significandi.

1324 334 1327 433 l
