2684 4209
241 203 306 265 4¹2
509 184 583 248 Lm.
606 184 621 247 1
645 183 940 248 Saurauaraauu

489 301 663 310 ——-——

289 391 406 454 Curca
429 402 541 453 rsrau
564 401 826 466 Quasrrouau
850 396 899 450 est
927 407 993 450 una
1023 386 1190 449 distinctio

212 496 451 580 praemittenda
473 496 515 559 de
545 495 794 578 omnipotentia,
826 503 859 558 et
891 493 1010 557 deinde
1043 493 1190 556 solvetur

212 605 371 686 quaestio.

294 816 521 902 Quantum
544 816 609 882 ad
621 815 827 898 primum
859 813 933 876 dico
963 813 1053 896 quod
1086 812 1192 876 omni-

213 923 366 1006 potentia
389 922 546 1005 accipitur
570 921 751 1004 dupliciter.
781 921 859 985 Uno
895 921 994 983 modo
1030 919 1192 1002 accipitur

212 1029 457 1113 omnipotentia
469 1028 618 1101 mediate,
636 1028 830 1110 inquantum
843 1048 900 1110 per
913 1025 1190 1109 omnipotentiam

218 1158 320 1220 agens
343 1145 451 1219 potest
473 1137 505 1199 in
530 1156 628 1198 omne
652 1134 806 1218 possibile
830 1133 1048 1196 mediantibus
1084 1133 1191 1196 causis

211 1243 385 1319 ·secundis;
410 1243 472 1306 alio
497 1243 598 1306 modo
621 1241 780 1324 accipitur
803 1241 1042 1324 omnipotentia
1075 1241 1190 1303 imme·

211 1349 318 1422 deute,
346 1349 465 1413 scilicet
492 1349 582 1431 quod
615 1350 750 1430 quando
781 1368 881 1430 agens
904 1367 948 1410 ex
982 1368 1017 1410 se
1051 1347 1192 1410 circum·

222 1457 342 1539 scripta
365 1476 560 1538 quacunque
583 1475 681 1518 causa
709 1455 851 1518 secunda
883 1463 991 1537 potest
1022 1455 1054 1516 in
1088 1473 1192 1517 omne

223 1562 383 1644 possibile.
408 1564 461 1625 De
484 1561 722 1643 omnipotentia
745 1561 852 1643 primo
876 1561 1056 1641 loquuntur
1082 1560 1191 1642 philo-

212 1669 325 1752 ·sophi,
349 1670 406 1731 sed
430 1670 471 1731 de
494 1668 732 1749 omnipotentia
755 1668 899 1730 secundo
926 1667 1027 1729 modo
1052 1668 1192 1748 loquun-

216 1784 276 1838 tur
299 1775 471 1858 Theologi.

288 1989 360 2054 Act
372 1987 658 2072 propositum
683 1986 756 2049 dico
779 1988 860 2049 duas
884 1985 1119 2051 Conclusiouoe
1142 1989 1184 2051 ad

218 2094 461 2176 Quaestionem.

284 2199 419 2269 Prima
435 2201 525 2282 quod
546 2200 783 2282 omnipotentia
797 2199 858 2263 Dei
871 2199 981 2281 primo
992 2201 1087 2262 rnodo
1099 2200 1189 2263 dicta

213 2318 327 2391 potest
349 2308 563 2370 demonstrari
587 2308 628 2370 de
652 2308 727 2370 Deo
750 2307 875 2370 ratione
896 2306 1044 2380 naturali,
1069 2316 1102 2370 et
1124 2307 1189 2370 hoc

211 2415 244 2478 ·si
269 2416 331 2478 Dei
356 2413 496 2477 infinitas
518 2424 567 2477 est
591 2413 778 2476 naturaiiter
802 2412 1072 2476 demonstrabilis.
1100 2413 1188 2476 Nam

213 2521 404 2604 philosophi
428 2521 510 2584 sicut
525 2522 711 2583 concedunt
730 2522 840 2583 Deum
856 2517 1030 2594 infinitum,
1048 2520 1093 2582 ita
1108 2541 1189 2583 con-

211 2630 339 2691 cedunt
363 2628 633 2710 omnipotentem,
657 2627 734 2708 quia
758 2635 864 2709 potest
895 2627 927 2689 in
958 2647 1057 2688 omne
1088 2627 1190 2708 possi-

213 2734 284 2797 ‘bile
307 2734 525 2797 mediantibus
547 2734 652 2796 causis
675 2732 834 2798 secundis.
860 2733 1007 2796 Secundo
1030 2732 1190 2796 rnodoau-

218 2851 287 2904 tem
311 2840 451 2903 infinitas
474 2840 536 2903 Dei
561 2841 718 2923 probatur
734 2861 778 2902 ex
796 2838 921 2921 Quaest.
947 2841 1086 2922 praeced.

287 2943 462 3014 Secunda
491 2942 687 3014 Conclusio
711 2956 760 3008 est
783 2946 873 3028 quod
900 2948 1009 3009 Deum
1033 2967 1103 3010 esse
1118 2967 1191 3010 om·

218 3055 421 3136 uipotentem
445 3054 684 3135 omnipotentia
716 3053 906 3116 immediate
938 3063 1069 3134 sumpta
1103 3053 1189 3117 sicut

219 3160 405 3242 intelligunt
428 3180 500 3222 eam
524 3160 685 3242 Theologi
702 3181 769 3222 non
793 3169 901 3242 potest
926 3181 986 3240 pro
1009 3168 1094 3222 statu
1124 3161 1189 3223 isto

214 3265 435 3328 demonstrari
461 3267 584 3329 ratione
608 3266 755 3341 naturali,
780 3275 854 3328 tum
878 3267 955 3348 quia
969 3277 1018 3328 est
1033 3266 1190 3330 articulus

221 3372 305 3445 fidei,
323 3381 394 3434 tum
419 3373 495 3453 quia
519 3373 544 3434 si
569 3373 760 3455 probaretur
785 3373 857 3446 hoc,
883 3373 1076 3455 probaretur
1095 3375 1188 3454 quod

220 3481 313 3540 Deus
327 3479 506 3541 contineret
530 3479 752 3541 causalitatem
766 3500 938 3542 causarum
957 3480 1186 3544 secundarum.

214 3581 288 3644 Sed
320 3581 383 3643 hoc
415 3604 479 3645 non
504 3584 590 3646 valet
612 3584 701 3665 apud
726 3585 948 3667 philosoph03‚
972 3587 1048 3667 quia
1078 3587 1103 3648 si
1128 3585 1187 3649 Sol
