2684 4209
279 281 347 343 400
541 267 615 331 Lrn.
640 268 655 331 1
680 269 976 335 Sauranrnauu

257 471 386 534 stinare.
410 507 455 522 -
477 473 652 549 Proeterea,
677 496 762 538 nova
778 476 1004 540 determinatio
1027 499 1093 540 non
1116 487 1223 560 potest

255 601 327 642 esse
350 580 418 643 sine
441 600 526 642 nova
550 581 748 657 mutatione;
772 603 852 665 ergo
875 583 900 646 si
918 583 1009 646 Deus
1023 585 1166 667 aliquem
1183 586 1225 648 de

259 707 346 750 novo
369 687 624 769 praedestinaret,
641 688 705 752 hoc
721 699 803 752 esset
815 710 891 751 cum
917 691 1107 763 mutatione,
1125 701 1158 754 et
1173 691 1226 754 illa

261 795 399 858 mutatio
421 803 479 856 aut
501 804 584 857 esset
608 795 640 858 in
663 805 810 858 creatura
832 806 890 859 aut
913 797 945 859 in
978 799 1069 874 Deo;
1102 819 1169 860 non
1193 799 1223 860 in

258 911 415 974 creatura,
440 901 517 983 quia
540 902 688 964 nondum
712 911 797 978 erat;
822 923 881 965 nec
905 903 936 966 in
962 906 1045 977 Deo,
1070 905 1149 986 quia
1178 913 1226 966 est

261 1008 450 1090 simpliciter
472 1009 726 1071 immutabiliter.
751 1045 795 1056 —
818 1009 942 1072 Teneat
966 1010 1017 1072 hic
1040 1011 1134 1091 quod
1155 1010 1229 1092 plus

261 1116 377 1196 placet.

329 1330 389 1393 An
413 1343 558 1392 Parnon
582 1343 811 1404 eumenus,
835 1329 908 1392 dico
931 1330 1021 1411 quod
1045 1339 1094 1391 est
1112 1329 1155 1391 ibi
1176 1331 1227 1392 de

261 1437 368 1518 ceptio
392 1455 450 1518 per
473 1435 586 1498 falsam
619 1436 931 1518 immaginationem,
967 1436 1045 1518 quia
1080 1437 1231 1519 immagi·

263 1553 358 1605 natur
382 1542 701 1626 praedestinationem
722 1543 790 1623 jam
823 1542 918 1606 luisse
950 1543 980 1604 in
1012 1544 1228 1625 praeteritum,

262 1651 352 1732 quod
376 1661 425 1712 est
448 1649 576 1728 falsum,
600 1651 677 1731 quia
700 1670 828 1732 semper
853 1659 962 1712 manet
984 1649 1073 1711 idem
1106 1651 1230 1712 instans

262 1757 452 1820 aetemitatis
475 1757 507 1818 in
531 1777 598 1838 quo
620 1766 669 1819 est
694 1756 944 1838 praedestinatio,

329 1865 388 1926 Ad
407 1864 582 1926 secmrdum
598 1863 673 1926 dico
689 1865 779 1945 quod
795 1863 944 1925 voluntas
956 1871 1065 1925 creata
1084 1883 1153 1925 non
1170 1863 1230 1924 im-

263 1973 387 2054 pediret
410 1973 611 2034 voluntatem
636 1970 790 2032 divinam.
815 1970 909 2031 Tunc
939 1970 1026 2030 enim
1059 1969 1233 2050 impedire

263 2090 315 2142 tur
339 2080 490 2142 voluntas
513 2078 622 2140 divina
645 2077 779 2158 quando
802 2076 942 2138 eveniret
966 2076 1155 2158 simpliciter
1177 2097 1234 2158 op

262 2188 405 2270 positum
429 2185 500 2267 ejus
522 2185 612 2266 quod
637 2184 727 2246 Deus
751 2183 960 2257 determinat;
986 2183 1233 2263 praedestinatio

263 2304 373 2356 autem
398 2293 469 2374 ejus
485 2303 533 2355 est
550 2291 752 2372 contingens,
769 2290 846 2371 quia
868 2289 1028 2371 quidquid
1044 2289 1138 2351 Deus
1161 2291 1233 2351 vult

263 2410 358 2463 extra
381 2422 415 2462 se
439 2402 508 2462 vult
531 2401 766 2482 contingenter.

623 2610 799 2693 Qunsrro
832 2610 870 2672 ll.

582 2771 728 2834 Secundo
751 2769 927 2851 quaeritur:

372 2931 479 2987 Utrum
497 2930 536 2984 slt
553 2929 669 2997 ullquod
697 2928 830 2982 mentum
860 2923 1124 2995 pradestlnatlonls.

334 3077 474 3138 Videtur
497 3076 588 3156 quod
611 3073 664 3137 sic.
695 3091 720 3136 1.
746 3071 833 3153 Quia
856 3072 968 3133 sinon
992 3077 1075 3132 esset
1099 3069 1237 3151 aliquod

269 3183 420 3244 meritum
438 3179 730 3264 praedestinationis
746 3185 932 3260 sequeretur
948 3176 1038 3258 quod
1056 3175 1149 3238 Deus
1168 3197 1233 3237 non

265 3299 349 3351 esset
373 3309 501 3350 summe
525 3287 662 3350 liberalis
685 3307 744 3347 nec
768 3303 896 3347 summe
919 3283 1034 3357 bonus,
1064 3281 1142 3362 quia
1168 3301 1237 3343 non

266 3395 524 3458 communicaret
547 3413 676 3456 summe
696 3411 788 3454 suam
805 3390 982 3462 bonitaten,
999 3409 1043 3450 ex
1059 3409 1129 3469 quo
1145 3387 1237 3450 nulla

268 3501 400 3583 ponitur
426 3500 507 3563 ratio
531 3497 831 3582 praedestinationis.

337 3640 371 3683 2.
397 3625 566 3695 Praeterca,
590 3630 777 3703 sequeretur
794 3621 884 3701 quod
909 3621 999 3681 Deus
1022 3626 1109 3680 esset
1125 3638 1241 3700 accep
