2684 4209
374 228 562 293 Disnucr.
586 228 668 291 XIX
693 226 841 309 Quasi.
865 228 895 291 11
1053 244 1118 309 247

245 432 306 497 An
338 446 481 497 amnon
513 448 731 497 omniomnis
755 434 829 497 dico
859 434 1012 516 negando
1036 434 1140 498 mino-

180 560 258 605 rem.
282 540 341 603 Ad
357 538 579 622 probationem
602 562 679 604 cum
703 540 819 604 dicitur
839 542 930 622 quod
953 540 1145 605 fundamen-

181 656 253 709 tum
276 648 471 730 aequalitatis
493 656 542 709 est
565 648 739 730 quantitaS,
770 657 803 711 et
826 648 886 710 ista
910 668 975 711 non
1006 648 1137 730 ponitur

86 771 90 777 ’
179 752 212 815 in
236 752 319 829 Deo,
344 754 418 817 dico
440 754 530 837 quod
554 754 627 817 licet
651 775 718 817 non
749 756 790 817 sit
813 754 845 817 in
870 754 943 817 Deo
973 754 1139 837 quantitas

181 860 284 935 molis,
308 870 356 923 est
379 870 489 923 tamen
513 861 557 923 ibi
579 862 745 942 quantitas
768 861 912 924 virtutis.

268 966 327 1038 Ad
353 968 539 1048 secundum,
571 988 657 1051 nego
687 968 855 1031 minorem.
888 967 1027 1050 Aliquid
1054 968 1142 1031 enim

181 1081 289 1156 potest
310 1094 380 1137 esse
403 1073 609 1157 perfectionis
624 1074 657 1136 in
674 1094 749 1149 uno,
774 1075 865 1157 quod
879 1083 990 1136 tamen
1006 1094 1072 1137 non
1092 1083 1141 1137 est

180 1179 385 1263 perfectionis
408 1181 440 1243 in
463 1181 536 1243 alio.
561 1181 782 1263 Exemplum:
806 1180 962 1244 rationale
994 1189 1043 1243 est
1065 1202 1133 1263 per·

180 1285 327 1350 fectionis
350 1286 382 1349 in
407 1287 548 1362 homine,
573 1297 606 1351 et
633 1297 744 1351 tamen
769 1308 834 1351 non
862 1294 912 1350 est
939 1285 1143 1370 perfectionis

179 1393 212 1455 in
235 1414 326 1469 cane,
350 1394 427 1477 quia
462 1394 599 1457 destruit
629 1404 779 1457 naturam
803 1394 901 1457 canis.
934 1394 982 1457 lta
1010 1394 1043 1457 in
1071 1415 1143 1476 pro

180 1501 287 1582 posito
311 1501 380 1563 vult
396 1500 605 1583 Augustinus
625 1501 716 1584 quod
731 1500 901 1583 aequalitas
917 1521 982 1563 non
1004 1501 1045 1563 sit
1068 1521 1141 1583 per-

180 1606 326 1671 fectionis
350 1608 381 1669 in
405 1608 559 1671 creaturis
574 1608 641 1671 sive
664 1608 697 1671 in
713 1608 873 1682 universe,
897 1608 974 1690 quia
998 1608 1142 1670 destrue·
1233 1618 1242 1631 ⁰

178 1722 227 1776 ret
250 1723 398 1777 naturam
424 1714 571 1777 universi.
606 1714 650 1776 Et
673 1735 731 1797 per
762 1714 825 1778 hoc
848 1714 946 1777 etiam
978 1723 1069 1797 patet
1097 1714 1142 1776 ad

177 1820 405 1902 probationem
429 1821 575 1884 minoris.
602 1818 713 1902 Quare
735 1830 796 1885 etc.

535 2015 712 2098 Quasmo
736 2017 775 2079 ll.

498 2175 643 2240 Secundo
665 2177 845 2259 quaritur:

247 2332 356 2390 Utrum
375 2351 434 2390 una
452 2350 573 2405 pei-sona
590 2336 629 2390 slt
647 2334 678 2390 ln
695 2334 755 2389 alla
772 2334 1140 2404 perannumnaentonem.

275 2478 320 2542 Et
350 2479 477 2543 videtur
499 2482 590 2562 quod
614 2501 690 2543 non.
720 2497 746 2543 1.
776 2478 864 2561 Quia
893 2479 1086 2543 Aristoteles
1109 2499 1139 2545 ι.

175 2583 279 2665 Phys
302 2587 411 2668 arguit
422 2594 535 2649 contra
548 2586 789 2670 Anaxagoram
806 2586 862 2668 qui
880 2586 1023 2667 ponebat
1038 2586 1141 2666 quod·

178 2692 256 2754 libet
278 2714 347 2756 esse
370 2693 402 2755 in
429 2694 576 2775 quolibet
609 2714 666 2776 per
691 2693 753 2756 hoc
780 2694 870 2775 quod
890 2688 1038 2774 sequitur
1065 2712 1141 2755 con·

180 2798 278 2877 susio;
301 2820 381 2881 ergo
410 2800 554 2863 similiter
577 2800 602 2862 si
633 2821 699 2863 una
729 2819 868 2883 persona
897 2808 981 2861 esset
1003 2797 1036 2861 in
1067 2799 1139 2873 alia,

176 2906 321 2987 sequitur
344 2905 491 2970 confusio
515 2907 547 2969 in
571 2907 726 2990 personis,
749 2907 840 2988 quod
863 2915 912 2969 est
931 2915 1045 2969 contra
1060 2904 1140 2968 illud

175 3011 301 3075 dictum
318 3012 511 3076 Athanasii:
529 3034 635 3095 neque
650 3012 886 3077 confundentes
903 3032 1057 3095 personas
1077 3020 1138 3074 etc.

266 3137 296 3182 2.
321 3120 490 3195 Praeterea,
514 3121 582 3183 duo
620 3119 824 3184 indivisibilia
847 3118 943 3181 simul
968 3118 1074 3199 posita
1096 3116 1141 3181 fa·

174 3226 269 3289 ciunt
304 3246 406 3289 unum
442 3226 634 3289 indivisibile
645 3247 689 3289 ex
709 3224 740 3289 6.
759 3224 886 3307 Phys.;
909 3225 967 3287 sed
990 3244 1139 3306 personae

178 3342 255 3395 sunt
277 3332 502 3409 indivisibiles;
526 3353 605 3416 ergo
628 3333 653 3396 si
679 3352 744 3395 una
759 3340 842 3395 esset
857 3331 890 3395 in
914 3332 976 3393 alia
997 3329 1140 3403 lacerent

180 3458 280 3501 unam
304 3459 487 3521 personam.

266 3561 294 3624 3.
308 3545 478 3621 Praeterea,
491 3546 581 3628 quod
596 3545 666 3609 exit
681 3546 725 3608 ab
747 3545 857 3627 aliquo
874 3564 939 3607 non
955 3552 1005 3606 est
1019 3544 1052 3607 in
1065 3544 1137 3621 illo;
1220 3560 1225 3568 ·

176 3652 236 3714 sed
260 3651 361 3716 Filius
384 3652 453 3715 exit
476 3672 495 3715 a
518 3653 630 3730 Patre;
654 3672 735 3735 ergo
758 3672 824 3716 non
847 3660 897 3714 est
919 3650 952 3713 in
976 3650 1080 3714 Patre.
