2684 4209
220 229 284 291 334
463 211 537 275 Lm.
562 211 576 273 1
600 210 894 275 Sauranurnnuu

188 416 317 479 liabent
331 417 470 479 eandem
492 415 753 497 magnitudinem
770 415 898 477 virtutis
920 434 995 475 vere
1010 422 1060 477 est
1082 414 1165 477 inter

185 544 249 586 eas
271 523 448 605 aequalitas,
474 534 511 585 ut
534 522 647 584 relatio
672 521 773 584 realis

262 626 327 698 Ad
336 627 510 715 primum
528 637 638 691 autem
654 628 786 690 alterius
799 628 960 709 opinionis
976 627 1051 690 dico
1067 628 1160 709 quod

188 736 448 800 tundamentum
463 735 658 817 aequalitatis
675 735 707 797 in
725 730 845 798 divinis
861 743 971 796 manet
987 743 1020 796 et
1036 736 1165 809 transit,

196 853 307 906 manet
329 843 463 925 quidem
486 842 673 916 formaliter,
698 841 756 903 sed
779 841 896 903 transit
918 841 1054 903 realiter.

263 950 322 1012 Ad
328 949 504 1012 secundum
520 949 594 1011 dico
611 948 701 1030 quod
718 948 888 1029 aequalitas
904 948 936 1009 in
952 948 1108 1010 creaturis
1119 968 1168 1011 re·

187 1056 294 1139 quirit
318 1055 577 1137 magnitudinem
600 1064 634 1117 et
648 1074 812 1137 magnum
827 1064 861 1117 et
876 1054 1168 1118 commensuratio-

197 1183 283 1237 nem,
296 1172 328 1225 et
344 1162 407 1225 hoc
418 1162 495 1244 quia
514 1171 672 1224 creaturae
685 1170 766 1224 sunt
786 1160 896 1235 linitae,
917 1170 1167 1243 propterquam

199 1269 358 1333 finitatem
382 1289 448 1331 non
474 1276 610 1350 possunt
645 1268 765 1331 habere
796 1268 934 1330 eandem
969 1268 1170 1350 magnitudi-

198 1396 273 1439 nem
298 1395 444 1438 numero.
471 1375 536 1439 Sed
559 1375 592 1437 in
615 1376 763 1456 personis
785 1374 902 1437 divinis
932 1394 999 1436 non
1030 1384 1079 1436 est
1110 1376 1167 1449 sic,

189 1484 275 1565 -quia
298 1492 429 1565 propter
445 1480 638 1544 infinitatem
654 1482 805 1544 essentiae
821 1482 935 1544 eadem
958 1482 1167 1563 magnitudo,

189 1610 272 1671 quae
296 1598 344 1652 est
367 1589 401 1651 in
424 1609 489 1651 una
512 1608 651 1670 persono
673 1599 723 1650 est
737 1596 770 1650 et
783 1588 815 1650 in
827 1588 899 1662 alia,
915 1596 1067 1649 manente
1088 1588 1169 1650 reali

200 1696 407 1758 distinctione
430 1715 653 1777 personarum.

265 1802 324 1864 Ad
344 1802 477 1864 tertium
506 1801 579 1863 dico
610 1822 667 1882 per
699 1801 987 1883 interemptionem
1016 1802 1168 1880 minoris,

189 1908 274 1989 quia
286 1909 311 1969 si
327 1917 434 1971 essent
448 1908 524 1970 duae
540 1907 711 1970 relationes
730 1907 877 1988 ejusdem
893 1908 1092 1990 quantitatis,
1112 1908 1171 1971 da·

197 2025 234 2077 to
257 2015 347 2097 quod
381 2015 488 2077 nullus
511 2022 594 2077 esset
628 2014 812 2077 intellectus
836 2014 867 2076 in
900 2015 1026 2077 mundo
1056 2014 1171 2078 adhuc

199 2122 269 2183 istae
293 2142 343 2183 res
366 2131 472 2184 essent
495 2121 647 2203 aequales

266 2228 325 2290 Ad
343 2237 508 2310 quartum,
532 2248 609 2290 cum
632 2228 749 2290 dicitur
774 2228 865 2310 quod
878 2228 989 2291 relatio
1005 2230 1098 2292 realis
1122 2250 1172 2293 re-

191 2335 297 2417 iquirit
319 2344 468 2397 extrema
492 2334 616 2396 realiter
633 2334 784 2397 distincta
804 2335 999 2416 inquantum
1021 2345 1099 2399 sunt
1123 2358 1171 2399 re·

201 2441 307 2514 lativa,
331 2442 405 2503 dico
429 2442 519 2522 quod
542 2442 577 2520 ly
600 2440 799 2521 inquantum
827 2441 877 2504 vel
899 2442 1081 2523 reduplicat
1106 2452 1171 2505 ter-

201 2547 307 2609 minos
331 2548 457 2621 relatos,
481 2547 581 2609 etsie
604 2548 750 2610 concedo
775 2550 932 2631 majorem
948 2558 981 2610 et
1005 2568 1092 2631 nego
1109 2550 1170 2611 mi-

202 2674 320 2728 norem,
338 2655 388 2715 vel
405 2654 585 2735 reduplicat
602 2652 863 2729 fundamentum,
880 2663 913 2718 et
925 2655 976 2717 sic·
987 2655 1061 2717 dico
1078 2658 1168 2737 quod

201 2782 266 2824 non
290 2770 420 2842 oportet
448 2781 569 2841 ponere
599 2762 698 2825 talem
731 2762 981 2837 distinctionem,
1006 2761 1111 2824 immo
1136 2763 1169 2825 in

202 2868 372 2950 proposito
395 2877 524 2950 oportet
548 2890 668 2950 ponere
692 2889 859 2931 summam
885 2870 1053 2931 unitatem.

266 2975 325 3038 Ad
355 2975 507 3057 quintum
531 2976 649 3037 dicitur
673 2976 843 3057 dupliciter
868 2974 1074 3039 falsificando
1098 2999 1170 3041 ma-

166 3106 174 3125 ·
182 3083 317 3165 J'orem3
337 3102 413 3144 nam
430 3082 511 3144 inter
534 3082 649 3144 eadem
666 3093 816 3145 extrema
831 3092 864 3145 et
879 3103 976 3165 super
993 3084 1081 3146 idem
1099 3083 1170 3148 fun-

201 3190 393 3250 damentum
418 3197 555 3270 possunt
578 3187 705 3251 fundari
731 3190 839 3271 plures
862 3190 1033 3253 relationes
1054 3192 1167 3254 reales.

131 3334 143 3357 .
203 3294 362 3376 Exempli
379 3296 505 3377 gratia,
523 3295 607 3377 ignis
631 3306 765 3377 generat
789 3297 889 3359 alium
906 3297 1018 3379 ignem
1042 3298 1170 3361 realiter

204 3400 393 3463 distinctum
416 3422 436 3462 a
459 3422 509 3478 se;
534 3402 617 3464 inter
640 3402 728 3465 hunc
752 3411 785 3464 et
806 3402 906 3466 istum
929 3404 1041 3486 ignem
1058 3414 1108 3467 est
1124 3425 1171 3467 re·

205 3506 281 3567 latio
305 3505 397 3568 realis
419 3506 644 3582 similitudinis,
661 3518 695 3571 et
710 3529 817 3571 causae
830 3510 873 3572 ad
889 3520 1069 3585 causatum,
1092 3531 1168 3593 quae

181 3695 185 3702 ,
204 3609 374 3672 relationes
385 3620 462 3673 sunt
480 3612 580 3674 reales
601 3623 634 3675 et
654 3614 777 3677 habent
797 3614 884 3678 idem
904 3615 1168 3681 fundamentum.
