2684 4209
229 240 272 317 48
476 238 548 301 Lm.
575 239 587 301 I
613 238 907 302 Senrnurtunmt

909 355 1168 365 w———uu--t—

276 447 340 513 De
365 446 531 528 Primo,
557 446 631 509 dico
654 447 744 528 quod
776 445 884 508 fruitio
914 446 1071 528 accipitur
1102 448 1178 510 du·-

208 556 342 635 pliciter‚
367 555 442 636 quia
466 565 514 617 est
538 553 646 616 fruitio
669 555 823 616 ordinatu
847 564 879 616 et
903 553 1012 617 fruitio
1036 556 1071 616 in
1092 576 1175 617 com-

211 662 306 724 muni
327 671 466 742 srtrnpta.
493 662 537 723 Et
560 682 642 723 voco
667 661 850 724 fruitionem
874 662 1062 723 ordinatum
1084 663 1172 724 illam

210 790 285 849 quae
311 769 477 830 ordinatur
502 770 682 830 secundum
706 769 831 830 debitas
855 769 1112 831 circumstantias
1129 790 1174 830 re-

210 884 323 956 spectu
347 874 445 937 debiti
471 874 598 955 objecti.
625 874 689 938 Sed
714 874 822 937 fruitio
846 876 881 937 in
904 876 1069 937 communi
1087 896 1175 938 sum-

211 993 268 1064 pta
298 982 415 1043 dicitur
447 982 514 1044 sive
546 982 662 1043 habeat
695 982 770 1043 istas
802 982 1068 1051 circumstantias.
1106 984 1174 1044 sive

212 1110 288 1161 non,
313 1101 345 1152 et
370 1091 413 1151 sic
438 1110 502 1151 non
529 1089 707 1151 necessario
731 1090 862 1170 requirit
892 1110 955 1151 eas
990 1091 1064 1152 lstae
1096 1087 1173 1151 frui-

211 1198 316 1258 tiones
348 1198 391 1259 sie
423 1217 457 1258 se
488 1196 608 1258 habent
639 1197 681 1257 ad
713 1197 850 1258 invicem
882 1199 971 1278 quod
1003 1194 1110 1260 fruitio
1140 1200 1172 1261 in

211 1305 381 1366 communi
407 1314 538 1385 sumpta
562 1316 609 1367 est
627 1304 834 1366 universalior
851 1305 999 1368 fruitione
1015 1308 1172 1370 ordinata.

217 1410 319 1491 Cujus
343 1412 424 1473 ratio
447 1423 504 1483 est,
529 1411 605 1492 quia
621 1432 841 1494 quaecumque
857 1415 1001 1494 potentia
1016 1435 1091 1495 quae
1109 1436 1174 1477 non

214 1518 446 1580 determinatur
470 1538 512 1579 ex
537 1539 570 1580 se
593 1519 634 1579 ad
659 1529 769 1580 actum
786 1521 982 1593 ordinatum,
998 1532 1090 1584 actus
1105 1523 1176 1603 ejus

216 1626 247 1685 in
272 1625 440 1686 communi
464 1635 614 1707 sumptus
638 1636 686 1686 est
711 1627 917 1689 universalior
940 1638 1014 1690 actu
1038 1630 1108 1709 ejus
1123 1651 1177 1692 or-

215 1731 342 1804 dinat0;
367 1732 423 1793 sed
456 1732 604 1793 voluntas
637 1752 700 1793 non
733 1734 965 1797 determinatur
995 1757 1038 1796 ex
1069 1756 1103 1798 se
1132 1739 1175 1798 ad

214 1838 400 1901 fruitionem
426 1838 619 1910 ordinatam,
644 1840 720 1921 quia
744 1842 922 1902 secundum
948 1842 1175 1924 Augustinurn

215 1945 297 2007 libro
334 1944 379 2023 8]
417 1955 527 2025 quaest.
561 1948 751 2027 perversitas
783 1960 889 2028 potest
919 1969 988 2011 esse
1012 1951 1043 2011 in
1072 1949 1178 2012 fruen-

215 2052 259 2113 do
284 2052 420 2123 utendis,
445 2053 534 2133 quod
559 2072 623 2115 uon
647 2063 730 2115 esset
755 2076 866 2116 verum
892 2056 916 2117 si
946 2058 1096 2118 voluntas
1125 2058 1179 2119 de·

214 2157 441 2219 terminaretur
466 2180 508 2219 ex
533 2179 566 2221 se
589 2161 630 2221 ad
655 2160 839 2223 fruitionem
868 2164 1065 2236 ordinatam3
1097 2184 1178 2245 ergo

215 2263 324 2325 fruitio
349 2264 380 2326 in
405 2266 573 2327 comm-uni
590 2279 722 2349 sumpta
737 2279 785 2330 est
803 2270 1009 2340 universalior
1026 2269 1177 2333 fruitione

216 2370 372 2431 ordinata'.

283 2566 347 2632 De
374 2564 575 2633 Secundo
599 2568 798 2636 Arfe'eulo
821 2582 896 2633 sunt
926 2573 993 2635 duo
1024 2573 1179 2636 videnda:

215 2673 331 2737 Primo
355 2674 433 2755 quid
458 2674 498 2735 sit
522 2696 577 2756 per
594 2696 627 2737 se
644 2676 809 2756 objectum
828 2677 985 2741 fruitionis
1005 2680 1179 2755 ordinatae;

215 2781 353 2843 secundo
376 2781 454 2861 quid
479 2782 518 2843 sit
543 2782 708 2862 objectum
733 2783 891 2847 fruitionis
914 2786 945 2847 in
970 2787 1147 2849 communi.

281 2884 340 2954 De
359 2886 489 2971 primo
512 2898 559 2949 est
583 2889 694 2970 opinio
726 2892 906 2955 Avicenna:
938 2894 1028 2975 quod
1059 2894 1180 2975 aliquid

216 2993 302 3054 aliud
327 3015 345 3055 a
370 2993 432 3056 line
457 2996 571 3059 ultimo
595 2996 703 3059 sivea
734 2998 805 3060 Deo
836 3010 883 3061 est
911 3000 1074 3080 objectum
1108 3000 1181 3062 frui-

215 3100 312 3161 tionis
335 3101 502 3174 ordinatae,
540 3114 618 3184 puta
653 3106 760 3185 aliqua
789 3106 997 3189 intelligentia
1028 3111 1179 3170 secunda.

218 3206 282 3267 Sed
316 3206 400 3269 istud
435 3218 482 3269 est
518 3208 644 3282 falsum,
682 3212 754 3273 ideo
788 3215 934 3295 arguitur
961 3225 1073 3276 contra
1103 3236 1181 3277 eum

217 3314 275 3375 sic:

264 3422 466 3501 Impossibile
490 3434 537 3484 est
567 3426 746 3505 potentiam
780 3429 926 3491 ultimate
956 3429 1091 3511 quietari
1123 3429 1181 3491 nisi

219 3527 251 3587 in
277 3548 315 3588 eo
341 3527 371 3587 in
397 3548 463 3608 quo
489 3532 643 3611 reperitur
674 3532 902 3613 perfectissime
931 3538 1012 3598 ratio
1042 3536 1090 3597 sui
1122 3536 1184 3617 pri-

223 3632 316 3694 marii
341 3634 472 3714 objecti;
498 3638 553 3697 sed
578 3638 742 3719 objectum
769 3644 922 3722 potentiae
947 3643 1114 3717 fruitionis,
1139 3662 1185 3703 se-
