2684 4209
383 917 703 1026 Distinetio
742 918 839 1027 VI.

365 1187 588 1283 Quaeritur
618 1193 876 1288 puaeteuea...

255 1311 351 1376 Circa
374 1314 472 1376 istam
496 1313 748 1376 Dz'stinclionem
772 1313 802 1377 6.
827 1315 1010 1396 quoem'tur:

509 1472 687 1554 QuAEsno
711 1474 735 1536 Ι.

244 1630 349 1686 Utrum
367 1631 444 1686 Deus
462 1631 552 1686 Pater
569 1631 702 1698 genuerit
719 1631 824 1686 Filium
845 1631 1000 1687 voluntate.

204 1775 343 1837 Videtur
367 1776 456 1858 quod
480 1775 524 1837 sic
548 1797 604 1858 per
637 1775 838 1838 Richardum
871 1775 901 1837 6.
933 1759 974 1838 du
1009 1775 1099 1838 Trin.

134 1881 255 1956 Vultis,
280 1883 394 1965 inquit,
419 1883 530 1944 audire
553 1883 691 1945 verbum
714 1882 960 1944 abbreviatum?
977 1883 1101 1965 ingeni-

135 1999 208 2051 tum
233 1989 314 2051 velle
341 1990 382 2051 de
412 2011 446 2051 se
478 1989 596 2052 habere
627 1988 829 2052 conformem
861 1999 960 2071 atque
990 1990 1099 2052 condi-

135 2117 251 2178 gnum,
276 2097 366 2178 quod
389 2097 475 2159 idem
501 2097 578 2158 mihi
603 2097 731 2159 videtur
762 2097 852 2178 quod
884 2097 1019 2178 gignere
1051 2096 1101 2157 Fi-

134 2203 225 2264 lium.
252 2203 306 2264 Ex
331 2203 392 2265 hoc
416 2205 562 2285 arguitur
585 2203 643 2266 sic:
669 2205 798 2265 Patrem
823 2203 904 2264 velle
926 2224 970 2264 ex
993 2223 1027 2264 se
1044 2203 1099 2264 ha-

134 2309 210 2372 bere
226 2307 428 2372 conformem
445 2319 492 2372 est
509 2311 656 2392 gignere;
674 2331 753 2392 ergo
780 2310 863 2371 sicut
890 2310 960 2370 vult
987 2309 1100 2371 volun-

132 2425 201 2478 tate
217 2416 336 2478 habere
351 2415 563 2489 conformem,
581 2416 625 2478 ita
641 2417 739 2478 etiarn
756 2417 923 2477 voluntate
940 2424 1081 2497 generat.

202 2539 232 2584 2.
257 2523 425 2596 Praeterea,
454 2523 662 2604 Augustinus
684 2521 803 2586 Contra
819 2523 964 2584 Maxim.
988 2522 1042 2584 lib.
1062 2542 1097 2602 5.

134 2629 254 2710 probat
284 2628 403 2690 Filium
435 2651 503 2692 esse
533 2631 695 2711 aequalem
728 2630 813 2691 Patri
845 2630 904 2690 sic:
938 2629 971 2692 Si
1002 2630 1097 2691 Pater

133 2756 199 2798 non
224 2736 329 2818 gignit
354 2735 472 2798 Filium
496 2737 657 2818 aequnlem
682 2736 752 2809 sibi,
777 2746 833 2797 aut
857 2736 920 2798 hoc
943 2746 991 2797 est
1020 2737 1097 2817 quia

133 2843 247 2916 noluit,
276 2852 309 2905 et
332 2843 376 2904 sic
401 2842 461 2904 fuit
485 2843 627 2920 invidus;
652 2852 710 2905 aut
734 2843 811 2924 quia
836 2864 901 2904 non
918 2842 1036 2923 potuit,
1065 2851 1097 2904 et

132 2949 178 3012 sie
202 2947 263 3011 fuit
286 2949 458 3031 impotens,

201 3073 229 3134 3.
255 3057 427 3118 Praeterea:
454 3055 563 3120 Omne
585 3056 839 3118 involuntarium
860 3064 908 3117 est
924 3055 1028 3131 triste;
1049 3076 1091 3117 cx

126 3181 161 3244 5.
186 3162 333 3244 Metapa.
358 3163 415 3224 sed
440 3163 516 3225 nihil
540 3173 589 3224 est
612 3163 703 3225 triste
726 3163 759 3224 in
783 3163 912 3236 divinis;
937 3183 1016 3243 ergo
1033 3182 1092 3224 nec

131 3279 180 3331 est
204 3269 249 3332 ibi
272 3270 542 3346 involuntarium
578 3290 657 3352 ergo
686 3271 780 3332 Pater
811 3278 944 3352 generat
978 3269 1096 3331 Filium

131 3376 309 3438 voluntate.

198 3483 239 3545 In
262 3484 464 3546 contrarium
489 3493 538 3545 est
562 3483 718 3565 Magister
742 3482 774 3545 in
800 3483 912 3555 littera,
929 3493 961 3544 et
982 3483 1098 3564 proba-

129 3599 183 3653 tur
207 3611 265 3672 per
288 3590 516 3672 Augustinum
542 3591 573 3651 in
597 3589 734 3672 epistola
756 3591 799 3652 ad
835 3589 1005 3654 Orosium:
1030 3588 1097 3651 Vo

127 3697 246 3771 luntas,
271 3696 385 3778 inquit,
410 3697 513 3759 Patris
537 3697 654 3778 praeire
676 3697 846 3760 scientiam
880 3716 945 3757 non
977 3704 1094 3778 potest.
