2684 4209
268 312 329 374 312
518 294 591 357 Lm.
616 295 630 358 1
655 295 950 359 Snurnurrnnuu

242 509 389 582 respectu
414 499 629 583 generationis
653 500 735 574 Filii,
757 509 790 562 et
813 499 876 563 hoc
900 520 976 574 non,
1009 520 1068 582 per
1084 501 1209 583 Augu-

242 608 364 670 stinum
387 605 418 670 6.
443 607 483 670 de
511 607 613 670 Trin:
637 607 663 669 si
688 608 781 669 Pater
804 627 871 670 non
895 607 1061 689 genuisset
1085 607 1207 670 Filium

243 714 321 776 nihil
345 712 532 795 prohiberet
553 734 630 776 eum
654 713 837 796 ingenitum
860 731 947 793 esse3
971 722 1029 777 aut
1048 725 1208 777 connotat

243 818 490 883 foecunditatem
514 829 661 902 respectu
679 819 901 904 productionis
925 819 1065 901 Spiritus
1083 821 1206 892 Sancti,

242 935 275 990 et
298 926 361 990 hoc
385 947 461 1001 non,
485 927 562 1009 quia
588 928 667 989 dato
702 947 759 1009 per
790 927 987 1009 impossibile
1017 928 1107 1009 quod
1140 947 1206 990 non

243 1035 475 1116 produceretur
499 1033 638 1116 Spiritus
662 1033 810 1108 Sanctus,
835 1033 943 1096 adhuc
971 1044 1145 1116 poneretur
1175 1055 1207 1096 a·

243 1139 310 1202 liud
334 1140 542 1222 suppositum
566 1139 759 1222 ingenitum.

197 1309 207 1326 ‚
309 1246 387 1311 Ideo
409 1244 483 1309 dico
506 1247 596 1328 quod
619 1247 803 1328 ingenitum
826 1245 888 1308 sub
921 1247 1052 1328 propria
1083 1247 1205 1310 ratione

242 1363 279 1416 ut
302 1353 380 1416 dicit
403 1374 466 1415 non
489 1374 554 1416 esse
576 1353 617 1416 ab
640 1353 716 1426 aliu,
746 1362 794 1415 est
824 1353 1004 1435 proprietas
1036 1353 1147 1428 Patris,
1171 1363 1202 1416 et
1316 1421 1317 1448 ¹

242 1481 308 1523 non
332 1469 462 1542 oportet
484 1461 575 1542 quod
598 1459 685 1522 dicat
708 1459 912 1542 dignitatem,
946 1459 1063 1523 sufficit
1094 1470 1203 1523 tamen

242 1566 301 1628 sibi
325 1568 415 1648 quod
429 1587 493 1629 non
506 1567 593 1630 dicat
609 1565 808 1649 oppositum,
826 1566 945 1628 scilicet
964 1566 1201 1648 indignitatem.

243 1671 342 1736 Unde
364 1673 446 1736 sicut
469 1673 639 1736 relationes
662 1673 795 1755 originis
819 1693 884 1735 non
908 1673 1021 1736 dicunt
1038 1672 1201 1755 perfectio

242 1801 317 1843 nem
341 1780 527 1863 simpliciter
551 1800 611 1842 nec
634 1778 923 1860 imperfectionem,
948 1779 992 1841 ita
1015 1780 1201 1842 innascibili·

241 1897 292 1949 tas
314 1907 380 1948 non
405 1887 482 1948 dicit
504 1886 696 1968 dignitatem
722 1907 782 1947 nec
806 1885 1043 1968 indignitatem.
1077 1885 1110 1949 Si
1144 1907 1198 1948 au·

240 2003 309 2088 tem
326 1992 403 2054 velis
428 1991 562 2054 omnino
593 1993 771 2054 concedere
798 1991 889 2074 quod
913 1993 1093 2074 proprietas
1117 1992 1201 2055 dicat
1316 1999 1317 2061 l

241 2099 445 2181 dignitatem,
478 2100 646 2179 respondeo
677 2097 918 2181 distinguendo
949 2099 1027 2180 quia
1065 2099 1202 2182 dignitas

240 2214 289 2268 est
312 2205 445 2287 duplex,
470 2205 589 2268 scilicet
611 2206 758 2268 absoluta
781 2206 817 2268 et'
831 2207 1025 2287 personalis,
1054 2208 1146 2269 etsie
1166 2206 1199 2267 li-

241 2322 292 2374 cet
316 2313 496 2395 ingenitum
522 2333 587 2375 non
611 2314 697 2374 dicat
713 2313 907 2395 dignitatem
930 2314 1129 2386 absolutam,
1150 2333 1201 2394 po
1315 2351 1316 2356 κ

240 2429 303 2482 test
325 2429 436 2482 tamen
459 2421 592 2482 concedi
615 2421 706 2502 quod
729 2420 816 2482 dicat
840 2421 1033 2502 dignitatem
1050 2439 1198 2501 persona·

243 2526 317 2589 lem.

307 2633 362 2696 Ex
386 2633 479 2696 dictis
502 2634 537 2695 iu
562 2651 591 2695 Ι.
616 2634 689 2696 Art.
715 2641 805 2715 patet
828 2633 870 2695 ad
893 2643 1089 2716 argumenta
1114 2633 1196 2716 prin·

240 2739 355 2821 cipalia
377 2740 546 2822 quomodo
569 2739 753 2822 ingenitum
782 2740 898 2803 dicitur
929 2741 970 2804 de
1002 2742 1139 2804 essentia
1169 2747 1198 2800 et
1315 2723 1316 2772 l

242 2847 283 2910 de
307 2844 429 2928 Spiritu
454 2846 586 2910 Sancto,

601 3084 778 3167 QuAEsrro
803 3086 842 3149 11.

566 3245 713 3309 Secundo
735 3248 917 3329 quoeritur:

295 3406 403 3461 Utrum
419 3377 626 3461 lnuuselbllltas
643 3405 682 3460 slt
701 3405 859 3474 proprletus
877 3407 1063 3464 uonstltntlm
1081 3409 1184 3464 Putris.

308 3549 447 3614 Videtur
470 3552 560 3632 quod
583 3551 644 3613 sic:
663 3564 684 3613 1.
711 3550 798 3632 Quia
817 3553 910 3615 Pater
926 3562 982 3617 aut
997 3554 1200 3617 constituitur

178 3646 181 3653 ’
241 3658 435 3740 paternitate
456 3667 515 3721 aut
537 3658 801 3738 innascibilitate;
828 3662 885 3724 sed
909 3681 975 3724 non
999 3662 1203 3724 constituitur
1313 3741 1314 3758 ἦ
