2684 4209
338 350 577 419 Drsr1ucr.11
603 350 749 435 Quassr.
774 355 788 416 Ι
1037 369 1052 435 ς
1060 369 1075 435 5

201 554 376 629 Prceterea,
400 557 526 618 nullum
551 557 802 619 demonstrabile
825 568 873 619 est
905 580 962 639 per
987 580 1021 620 se
1046 579 1101 620 no-

135 670 228 737 tum;
253 682 287 724 se
319 662 426 724 Deum
451 684 519 725 esse
550 674 598 725 est
621 663 881 736 demonstrabile,
907 686 963 746 per
992 665 1099 727 Philo-

135 768 281 850 sophum
304 766 337 831 8.
362 768 494 850 Plrysic.
518 780 550 833 et
573 791 630 851 per
655 770 862 832 Avicennam
891 790 921 833 Ι.
951 771 1098 853 Metaplr.

134 898 161 939 c.
188 894 218 937 1.
230 900 245 947 ,·
269 896 349 957 ergo
374 876 483 939 Deum
507 898 576 940 esse
608 896 673 939 non
704 886 752 939 est
784 898 841 959 per
864 899 898 939 se
921 888 1071 939 notum.⁴

208 1090 271 1155 Be
301 1090 450 1155 Tertio
473 1090 682 1163 Arle'eulo,
707 1092 780 1153 dico
803 1092 893 1172 quod
909 1101 957 1153 est
972 1099 1100 1153 tantum

139 1218 226 1259 unus
251 1197 350 1259 Deus

207 1302 273 1367 Sed
299 1304 378 1365 dicit
411 1303 461 1366 hic
493 1325 577 1366 unus
614 1306 738 1378 doctor,
767 1304 886 1366 scilicet
913 1304 1019 1367 Varro
1047 1306 1101 1367 lib.

139 1428 169 1473 Ι.
195 1410 229 1471 d.
251 1428 284 1472 2.
308 1432 338 1493 q.
364 1429 393 1473 Ι.
418 1412 508 1493 quod
543 1411 602 1473 ista
634 1412 807 1483 conclusio,
839 1412 972 1473 scilicet:
998 1412 1103 1473 unitas

142 1516 215 1591 Dei,
240 1538 305 1579 non
329 1526 378 1580 est
401 1519 662 1580 demonstrabilis
687 1520 742 1580 sed
766 1528 900 1599 accepta
922 1527 970 1580 est
991 1539 1047 1600 per
1071 1518 1105 1579 fi-

141 1624 234 1698 dem,
258 1624 341 1685 sicut
364 1625 456 1707 ponit
481 1626 588 1688 Rabbi
620 1626 753 1705 Mosses
783 1627 873 1706 quod
905 1624 1011 1687 unitas
1042 1625 1103 1686 Dei

140 1740 275 1811 accepta
299 1740 347 1793 est
370 1753 390 1793 a
414 1733 493 1813 lege.

212 1836 338 1899 Doctor
362 1848 471 1899 autem
497 1847 605 1900 noster
629 1838 818 1920 dicitquod
843 1838 949 1899 unitas
974 1838 1034 1899 Dei
1058 1847 1106 1899 est

142 1944 403 2006 demonstrabilis
441 1953 473 2005 et
511 1953 559 2007 est
589 1954 718 2007 tantum
762 1966 846 2007 unus
885 1944 984 2015 Deus,
1016 1946 1105 2024 quod

143 2050 210 2131 ipse
240 2051 382 2131 probat:

207 2152 360 2241 Primo,
391 2178 432 2219 ex
457 2156 589 2240 infinito
617 2158 779 2221 intellectu
800 2159 858 2220 sic:
888 2158 922 2220 Si
939 2167 1014 2219 sunt
1038 2158 1105 2218 duo

141 2265 195 2336 dii,
220 2275 279 2325 aut
302 2286 387 2326 unus
412 2264 559 2346 intelligit
583 2265 694 2338 alium,
719 2274 775 2327 aut
806 2285 881 2327 non.
908 2264 941 2327 Si
972 2284 1038 2326 non
1062 2265 1107 2325 in-

142 2372 257 2454 telligit
281 2371 392 2445 alium,
422 2393 501 2453 ergo
533 2380 580 2433 est
612 2371 828 2453 imperfectus
853 2380 885 2433 et
913 2392 969 2452 per
998 2391 1106 2432 conse-

142 2498 246 2560 quens
271 2499 337 2540 non
361 2487 409 2540 est
433 2478 534 2539 Deus
560 2477 593 2541 Si
617 2489 727 2540 autem
753 2478 899 2559 iutelligit
924 2478 1034 2549 alium,
1051 2486 1107 2538 aut

143 2584 204 2647 hoc
228 2594 277 2647 est
301 2606 358 2666 per
382 2586 553 2647 essentiam
579 2585 756 2667 propriam,
781 2596 837 2646 aut
861 2606 918 2666 per
935 2583 1105 2645 essentiam

142 2692 272 2753 alterius
297 2691 368 2753 Dei.
394 2690 435 2753 Si
450 2692 562 2772 primo
585 2692 688 2764 modo,
719 2712 798 2773 ergo
830 2711 894 2752 non
926 2700 974 2751 est
1006 2690 1105 2760 Deus,

72 2828 77 2835 ·
143 2819 218 2860 cum
244 2818 311 2860 non
336 2798 492 2879 intelligat
516 2798 615 2859 alium
643 2798 752 2859 Deum
782 2797 1019 2878 perfectissime,
1052 2797 1108 2857 sci-

143 2905 215 2967 licet
239 2924 297 2985 per
321 2905 493 2966 essentiam
517 2906 649 2967 alterius
675 2904 736 2966 Dei
760 2905 909 2965 intellecti
928 2904 1106 2984 propriam,

141 3012 218 3093 quia
243 3010 321 3073 nihil
347 3012 554 3093 cognoscitur
578 3010 817 3093 perfectissime,
844 3011 900 3071 nisi
933 3031 1107 3091 cognosea-

142 3127 195 3180 tur
223 3139 281 3200 per
293 3118 464 3180 essentiam
485 3139 577 3180 suam
595 3119 646 3180 vel
669 3140 724 3199 per
741 3118 861 3198 aliquid
879 3116 1049 3198 perfectius
1065 3096 1109 3177 iu-¹

143 3226 279 3287 eludens
290 3226 461 3287 essentiam
475 3246 567 3287 suam
582 3225 753 3307 perfectius
765 3245 864 3305 quam
879 3224 947 3304 ipsa
960 3224 999 3285 sit
1012 3224 1042 3284 in
1060 3242 1106 3297 se;

142 3332 281 3394 essentia
305 3341 415 3394 autem
440 3332 569 3393 alterius
594 3331 655 3393 Dei
680 3332 712 3392 in
737 3331 825 3392 nullo
850 3330 1023 3391 includitur
1040 3350 1109 3409 per-

143 3436 258 3499 fectius
289 3458 389 3519 quam
422 3438 453 3500 in
484 3460 528 3500 se.
555 3437 596 3500 Si
624 3448 731 3499 autem
763 3438 859 3498 detur
888 3436 987 3497 alind
1014 3456 1109 3496 mem-

145 3545 249 3618 brum,
275 3545 393 3606 scilicet
416 3546 506 3626 quod
532 3565 616 3607 uuus
641 3544 732 3606 Deus
748 3543 904 3624 intelligat
927 3543 1027 3603 alium
1052 3562 1108 3622 per

145 3651 318 3713 essentiam
333 3651 393 3713 Dei
406 3652 567 3724 intellecti,
580 3672 659 3733 ergo
678 3651 768 3712 Deus
781 3650 961 3730 intelligens
978 3668 1043 3709 non
1060 3656 1109 3707 est

148 3756 249 3831 Deus,
274 3757 350 3839 quia
373 3757 442 3838 ejus
465 3768 556 3821 actus
587 3766 634 3819 est
666 3756 823 3837 posterior
855 3755 999 3833 object03
1032 3772 1108 3811 nam
