2684 4209
264 167 326 269 338
522 189 597 250 Lm.
621 188 636 249 Ι
660 185 953 251 Sanrnnrmnon

302 394 448 458 Secundo
464 393 621 476 probatur
638 413 695 473 per
712 391 871 454 rationem
884 390 1031 472 Magistri
1048 389 1081 451 in
1099 389 1202 451 litera.

233 503 271 565 In
296 502 369 564 Deo
392 502 479 564 idem
503 509 552 562 est
567 520 636 562 esse
658 508 691 561 et
716 519 845 580 sapere;
869 498 927 560 sed
950 499 1044 559 Pater
1061 517 1129 559 non
1152 509 1204 558 est

232 608 392 690 sapientia
416 607 539 689 genita;
563 626 643 688 ergo
656 606 750 668 Pater
763 625 829 667 non
842 615 890 667 est
902 605 1029 686 sapiens
1041 603 1204 685 sapientia

236 715 356 798 genita.

309 819 414 883 Tertio
436 819 495 882 sic:
520 819 572 881 illa
595 818 752 901 sapientia
777 820 871 881 Pater
894 837 960 881 non
988 829 1037 880 est
1059 818 1203 898 sapiens,

234 949 300 1010 qua
316 948 373 1009 per
397 927 594 1009 impossibile
617 927 862 1008 circumscripta
885 925 993 989 adhuc
1013 934 1096 988 esset
1118 925 1204 1006 sapi·

234 1054 306 1110 ens;
330 1034 388 1096 sed
410 1034 655 1115 circumscripta
679 1054 736 1115 per
758 1032 956 1114 impossibile
972 1032 1129 1114 sapientia
1145 1051 1202 1112 ge-

236 1142 312 1214 nita,
336 1140 444 1203 adhuc
468 1141 561 1202 Pater
585 1150 669 1202 esset
691 1139 833 1220 sapiens;
857 1160 937 1222 ergo
950 1140 1042 1202 Pater
1067 1117 1202 1200 nonest

228 1248 363 1329 sapiens
386 1247 545 1328 sapientia
569 1246 688 1329 genita.

304 1460 365 1523 ΑΙ)
389 1473 535 1523 PRIMUM
559 1473 775 1522 PRINCIPALE
799 1459 872 1522 dico
900 1481 957 1542 per
981 1459 1201 1540 interemptio

236 1587 311 1630 nem
335 1568 481 1641 minoris,
507 1588 582 1630 nam
608 1567 668 1630 ista
691 1567 858 1649 sapientia,
882 1587 948 1648 qua
972 1567 1065 1629 Pater
1076 1574 1126 1627 est
1151 1586 1200 1627 sa-

237 1675 340 1756 piens,
365 1694 431 1737 non
466 1683 514 1736 est
545 1675 663 1756 genita.
701 1673 745 1736 Et
779 1675 820 1735 ad
849 1673 1046 1736 Anselmum
1081 1673 1199 1735 dicitur

236 1782 326 1862 quod
338 1780 442 1843 dicere
453 1781 610 1862 accipitur
622 1780 845 1862 principiative
861 1788 897 1843 ut
913 1781 1006 1842 Pater
1027 1778 1200 1862 principiat

121 1972 128 1982 ¹
236 1887 367 1962 Filium,
391 1897 424 1950 et
447 1908 512 1950 non
529 1887 740 1970 personaliter
763 1897 800 1949 ut
822 1887 900 1949 dicit
924 1887 1112 1949 relationem
1139 1886 1200 1948 ori-

236 1995 318 2076 ginis
342 1994 374 2056 in
391 1994 582 2056 habitudine
608 1995 792 2075 generantis
816 1993 858 2055 ad
882 1994 1040 2075 genitum.

301 2101 360 2163 Ad
367 2101 543 2163 secundum
558 2101 632 2163 dico
644 2101 735 2183 quod
747 2101 853 2183 masor
867 2109 915 2162 est
927 2099 1200 2181 subintelligenda

234 2208 296 2269 sub
320 2207 383 2270 hoc
406 2228 516 2270 sensu:
543 2207 645 2270 Filius
660 2217 709 2270 est
732 2207 858 2289 sapiens
878 2207 1034 2288 sapientia
1054 2205 1199 2288 ingenita

235 2313 459 2395 principiative
483 2313 532 2375 vel
557 2314 758 2396 originative‚
786 2334 850 2375 non
875 2321 987 2375 autem
1010 2312 1197 2385 formaliter,

232 2429 266 2482 et
289 2420 334 2482 sic
358 2419 458 2481 Filius
480 2429 529 2483 est
552 2421 680 2501 sapiens
704 2420 861 2500 sapientia
885 2419 1038 2502 ingenita,
1056 2419 1139 2481 idest
1159 2439 1199 2481 o-

234 2527 390 2608 riginatur
413 2548 433 2589 a
456 2528 550 2589 Patre
572 2527 629 2608 qui
653 2538 702 2589 est
725 2526 882 2608 sapientia
906 2525 1059 2608 ingenita.

301 2632 360 2694 Ad
380 2634 510 2696 tertium
535 2633 607 2695 dico
634 2634 723 2715 quod
740 2634 833 2695 Pater
857 2642 905 2695 est
920 2633 1047 2714 sapiens
1070 2633 1198 2714 sapien-

235 2740 280 2801 tia
310 2760 411 2820 quam
446 2739 544 2802 habet
575 2739 762 2812 formaliter,
799 2760 864 2802 non
895 2749 1005 2802 autem
1040 2739 1197 2822 sapientia

235 2866 336 2926 quam
360 2845 459 2908 habet
475 2855 512 2907 ut
527 2846 770 2923 correlativum;
796 2867 882 2908 nunc
898 2854 1009 2909 autem
1032 2847 1127 2908 Pater
1143 2846 1198 2907 ha·

236 2953 292 3014 bet
315 2952 435 3015 Filium
460 2962 496 3014 ut
518 2954 756 3028 correlativum,
780 2953 837 3016 sed
861 2969 926 3016 non
949 2963 999 3016 est
1021 2952 1198 3016 formaliter

237 3059 337 3122 Filius
360 3059 426 3122 sive
449 3060 605 3142 sapientia
629 3061 746 3143 genita.
