2684 4209
250 254 309 320 152
504 243 579 305 Lm.
605 243 619 305 1
643 243 939 307 Sanruurrnnuu

223 446 291 508 bari
316 448 558 529 generationem
582 469 651 510 esse
675 449 847 511 univocam
872 457 1065 530 competunt
1088 467 1185 528 gene·

223 562 338 624 rationi
363 563 436 624 Filii
460 563 539 639 Dei;
563 585 642 646 ergo
664 573 714 626 est
737 564 884 627 univoca.
908 564 1106 626 Antecedens
1129 583 1184 644 pa·

223 677 278 742 tet,
303 669 380 750 quia
403 669 455 731 illa
478 671 644 752 generatio
668 670 767 733 habet
783 670 1052 752 perfectissimum
1076 669 1185 733 termi-

225 795 314 848 num,
338 785 371 838 et
393 784 442 838 est
465 777 681 839 assimilativa.

291 882 466 964 Sequenda
489 904 568 966 ergo
592 884 687 946 istam
715 885 902 966 opinionem
927 893 1035 966 potest
1057 885 1120 948 dici
1140 886 1182 948 ad

224 989 363 1050 rationes
387 990 501 1070 primae
526 990 703 1071 opinionis:

290 1096 348 1157 Ad
362 1097 521 1177 primum,
535 1097 609 1159 dico
631 1098 722 1178 quod
753 1097 785 1159 in
809 1097 925 1159 divinis
955 1097 1085 1180 proprie
1116 1118 1182 1160 non

223 1210 271 1264 est
295 1203 426 1282 species,
444 1223 503 1265 nec
515 1203 694 1266 differentia
710 1203 868 1284 specifica,
886 1224 944 1266 nec
957 1205 1039 1266 ratio
1056 1205 1184 1286 generis

225 1318 261 1370 ut
277 1309 401 1389 patebit
418 1309 449 1372 in
466 1311 612 1390 sequenti
629 1311 854 1373 Distinctione.
879 1311 967 1373 Bene
983 1321 1092 1372 tamen
1108 1331 1184 1373 con-

223 1415 304 1476 cedo
327 1417 416 1496 quod
441 1417 617 1496 paternitas
640 1426 673 1478 et
696 1416 807 1479 filiatio
830 1427 905 1478 sunt
928 1417 1059 1479 alterius
1088 1418 1183 1479 ratio·

224 1521 280 1594 nia,
305 1523 381 1602 quia
406 1523 509 1604 magis
533 1523 741 1604 distinguitur
770 1524 946 1604 paternitas
968 1544 988 1584 a
1018 1522 1180 1597 filiatione,

224 1647 323 1708 quam
348 1630 524 1710 paternitas
547 1651 567 1690 a
590 1631 792 1710 paternitate.
826 1629 871 1691 Et
900 1631 1034 1712 quando
1065 1630 1182 1693 dicitur

223 1735 312 1814 quod
336 1736 511 1797 constituta
534 1736 687 1806 differunt
705 1736 820 1818 specie,
842 1758 921 1817 nego
944 1737 1032 1798 illud.
1056 1775 1100 1782 —-
1124 1737 1181 1799 Ad

218 1841 438 1922 probationem
463 1852 511 1904 est
542 1843 716 1904 dicendum
747 1845 837 1924 quod
867 1844 976 1924 aliqua
1003 1845 1112 1926 magis
1134 1844 1184 1906 di-

225 1949 354 2029 stingui
376 1958 483 2028 potest
507 1949 640 2031 intelligi
664 1951 844 2031 dupliciter.
874 1951 942 2013 Uno
965 1952 1065 2025 modo,
1091 1951 1182 2033 quod

224 2055 255 2116 in
273 2055 360 2116 nullo
378 2057 595 2136 conveniunt;
613 2058 680 2118 alio
696 2057 795 2130 modo,
820 2059 910 2138 quod
926 2079 991 2119 non
1008 2069 1083 2118 sunt
1095 2078 1184 2120 corn·

224 2161 396 2243 possibilia,
421 2163 508 2224 verbi
534 2165 658 2244 gratia„
686 2175 720 2226 ut
744 2165 846 2226 homo
862 2175 893 2225 et
917 2165 1027 2225 album
1054 2165 1185 2244 plusdi·

224 2268 433 2348 stinguuntur
457 2291 556 2351 quam
581 2272 691 2332 album
715 2280 748 2332 et
772 2272 912 2351 nigrum,
937 2271 1126 2351 accipiendo
1138 2271 1185 2332 di·

222 2375 376 2437 stinctum
402 2377 511 2457 primo
542 2379 649 2452 modu;
674 2378 730 2438 sed
753 2379 864 2439 album
887 2387 920 2439 et
944 2378 1073 2458 nigrum
1110 2377 1184 2458 plus

223 2481 466 2563 distinguuntur
482 2485 617 2546 secundo
641 2484 740 2555 incide,
765 2494 840 2545 sunt
856 2484 943 2545 enim
967 2484 1112 2565 ejusdem
1130 2505 1183 2565 ge·

223 2589 315 2662 neris,
341 2611 405 2651 non
430 2600 539 2652 tamen
564 2601 639 2652 sunt
654 2591 893 2672 compossibilia
917 2591 999 2653 sicut
1022 2591 1133 2653 album
1150 2603 1183 2654 et

225 2695 335 2757 homo.
362 2697 452 2778 Ergo
476 2718 551 2759 cum
583 2698 700 2759 dicitur
723 2698 813 2778 quod
837 2719 902 2760 non
933 2709 982 2759 est
1007 2698 1111 2779 major
1134 2700 1184 2760 di-

224 2802 352 2864 stinctio
384 2803 415 2864 in
441 2804 618 2886 principiis
648 2825 747 2884 quam
781 2804 812 2865 in
845 2805 1067 2885 principiani,
1104 2805 1182 2866 illud

224 2911 368 2972 concedo
392 2920 551 2992 quantum
576 2911 617 2972 ad
647 2911 1007 2991 incompossibuitatem,
1043 2911 1119 2992 quia
1142 2912 1183 2972 si-

224 3025 280 3078 cut
303 3017 500 3097 impossibile
523 3027 570 3079 est
587 3019 815 3098 paternitatem
832 3037 900 3079 esse
924 3017 1123 3089 filiationem,
1140 3019 1185 3079 ita

225 3123 423 3204 impossibile
446 3133 494 3185 est
517 3133 642 3204 patrem
667 3145 736 3185 esse
759 3123 879 3197 filium;
904 3125 960 3186 sed
986 3144 1072 3205 nego
1096 3124 1184 3186 illam

224 3231 478 3310 propositionem
503 3240 663 3312 quantum
680 3232 722 3292 ad
745 3231 1021 3305 convenientiora,-
1039 3251 1113 3292 nam
1127 3231 1188 3292 dis·

224 3336 366 3398 serentiae
391 3336 549 3418 specificae
574 3347 649 3399 sunt
666 3337 776 3418 primo
799 3337 910 3418 seipsis
933 3338 1079 3410 diversae,
1103 3339 1186 3400 etin

224 3443 313 3505 nullo
336 3445 542 3516 conveniunt,
568 3454 599 3505 et
623 3453 733 3505 tamen
764 3444 886 3524 specics
917 3445 1102 3506 constitutae
1127 3465 1187 3525 per

222 3569 276 3611 eas
299 3551 497 3611 conveniunt
520 3551 552 3611 in
577 3571 703 3632 genere.
1176 3631 1184 3647 ι

290 3657 349 3718 Ad
368 3659 551 3730 secundum,
570 3657 703 3739 quando
727 3656 844 3719 dicitur
875 3657 964 3738 quod
996 3657 1189 3738 productio-
