2684 4209
386 256 574 320 Drsrmcr.
598 255 680 320 XXI
705 255 851 338 Qnmsr.
877 257 891 319 Ι
1046 258 1116 338 269:

173 463 252 525 sitis.
278 463 477 544 Exemplum
507 461 614 544 hujus,
646 484 723 526 cum
756 463 889 526 dicitur:
921 464 1009 527 solus
1040 473 1144 528 sortes

174 569 284 644 currit,
308 568 404 633 infert
426 570 539 632 istam:
556 590 655 633 omne
678 591 810 633 currens
834 579 883 634 est
895 580 1006 634 sortes.
1023 607 1068 619 —
1089 570 1144 634 Se·

172 677 281 738 cunda
297 676 413 759 regula
424 685 473 739 est
489 677 579 757 quod
595 677 762 739 exclusiva
785 677 978 740 affirmativa
1000 678 1041 740 de
1057 698 1143 759 prae·

176 784 285 845 dicato
308 783 401 846 finito
423 782 520 846 infert
542 782 756 846 universalem
781 785 967 866 negativam
992 785 1033 847 de
1057 805 1143 866 prae-

177 889 285 952 dicato
307 888 444 952 infinito.
470 891 669 972 Exemplum
695 889 801 970 hujus
827 911 902 953 cum
927 891 1059 953 dicitur:
1092 912 1143 953 so-

175 997 226 1059 lus
247 1006 350 1059 sortes
384 997 492 1071 currit,
524 995 620 1060 infert
656 997 770 1059 istam:
803 998 910 1060 nullus
941 1018 1006 1060 non
1038 1007 1140 1061 sortes

174 1104 283 1176 currit,
307 1104 358 1166 vel
382 1103 494 1166 istam:
519 1105 626 1166 nullus
642 1104 723 1166 alius
738 1125 757 1165 a
774 1113 859 1166 sorte
876 1105 983 1166 currit.
999 1140 1044 1152 -
1066 1106 1142 1167 Ter-

176 1211 225 1272 tia
248 1211 374 1292 regula,
398 1210 489 1292 quod
511 1210 679 1273 exclusiva
702 1211 893 1273 affirmativa
924 1210 1024 1274 habet
1058 1212 1142 1274 duas

181 1317 420 1398 propositiones
442 1325 655 1399 exponentes,
680 1337 819 1399 quarum
844 1337 909 1380 una
931 1326 980 1381 est
1003 1318 1141 1380 affirma-

179 1425 256 1498 tiva,
280 1423 381 1486 altera
404 1425 566 1506 negativa,
591 1433 624 1487 et
655 1424 710 1486 ubi
741 1424 849 1507 aliqua
882 1425 1009 1486 iliarum
1041 1445 1144 1514 expo

175 1531 323 1593 nentium
348 1540 396 1593 est
420 1529 508 1606 salsa,
532 1531 678 1613 sequitur
706 1530 796 1612 quod
827 1531 977 1612 exposita
1007 1531 1077 1612 ejus
1099 1532 1142 1594 sit

177 1635 264 1699 falsa.
279 1638 479 1719 Exemplum
493 1637 599 1718 hujus,
612 1657 689 1700 cum
703 1637 828 1699 dicitur:
846 1639 934 1700 solus
950 1648 1052 1701 sortes
1067 1659 1139 1700 cur·

178 1745 227 1818 rit,
252 1743 351 1807 habet
378 1764 478 1806 unam
509 1753 732 1826 exponentem
764 1745 990 1806 affirmativam
1022 1744 1158 1824 scilicet,

177 1860 280 1913 sortes
302 1851 411 1924 currit,
427 1859 460 1913 et
483 1851 579 1913 aliam
596 1851 782 1932 negativam
800 1851 918 1913 scilicet
942 1851 1048 1912 nullus
1060 1851 1142 1913 alius

174 1978 194 2018 a
216 1967 302 2020 sorte
325 1957 432 2031 currit,
456 1968 489 2020 et
513 1957 567 2020 ubi
591 1957 700 2038 aliqua
723 1957 856 2020 istarum
889 1967 937 2019 est
968 1956 1056 2030 salsa,
1088 1977 1133 2020 se-

176 2063 286 2145 quitur
301 2065 391 2145 qnod
415 2064 564 2146 exposita
588 2063 628 2125 sit
651 2061 739 2125 falsa.

241 2171 299 2231 Ex
316 2171 430 2251 prima
452 2170 568 2252 regula
592 2170 783 2251 probabitur
807 2168 926 2231 falsitas
943 2169 1040 2250 hujus
1064 2191 1135 2251 pro

178 2277 355 2357 positionis,
378 2278 467 2339 solus
487 2277 591 2340 Pater
610 2288 658 2340 est
681 2278 779 2346 Deus.
809 2277 870 2340 sic:
895 2277 1061 2339 exclusiva
1092 2274 1139 2338 af-

177 2381 339 2445 firmativa
363 2383 457 2446 infert
481 2383 694 2446 universalem
718 2383 945 2445 affirmativam
969 2384 1011 2445 de
1032 2383 1138 2445 termi—

179 2489 228 2551 nis
261 2489 472 2571 transpositis.
499 2491 563 2553 Sed
587 2511 663 2552 cum
688 2490 821 2552 dicitur:
854 2489 941 2552 solus
972 2490 1067 2552 Pater
1089 2499 1137 2552 est

175 2595 276 2668 Deus,
301 2596 353 2658 illa
376 2605 424 2658 est
439 2597 605 2658 exclusiva
620 2596 822 2670 affirmativa.
849 2595 940 2678 Ergo
961 2595 1055 2658 insert
1071 2596 1140 2658 uni-

174 2703 331 2765 versalem
355 2703 582 2764 affirmativam
606 2703 647 2764 de
662 2703 807 2765 terminis
823 2702 1032 2783 transpositis,
1058 2712 1138 2783 puta

174 2809 276 2870 illam:
290 2810 397 2871 omnis
420 2809 511 2871 Deus
525 2818 574 2870 est
598 2811 701 2871 Pater.
728 2809 792 2872 Sed
817 2809 870 2871 illa
885 2818 934 2871 est
950 2807 1038 2880 falsa,
1059 2830 1135 2871 nam

175 2915 276 2977 Filius
298 2925 347 2978 est
370 2915 460 2976 Dens
483 2925 516 2977 et
531 2924 641 2978 tamen
658 2936 724 2977 non
748 2925 797 2978 est
813 2917 915 2978 Pater.
946 2915 1037 2996 Ergo
1058 2913 1137 2977 falsa

174 3031 223 3084 est
246 3022 322 3084 ista:
347 3021 434 3084 solus
458 3023 553 3084 Pater
576 3031 625 3084 est
649 3023 749 3084 Deus.

242 3128 300 3190 Ex
322 3129 462 3190 secunda
486 3129 601 3210 regula
631 3128 788 3210 probatur
811 3128 872 3191 sic:
905 3128 1071 3190 exclusiva
1094 3127 1138 3190 af-

176 3235 338 3296 firmativa
361 3234 455 3298 insert
478 3236 693 3297 universalem
722 3235 925 3318 negativam
958 3235 1024 3308 sed,
1049 3235 1136 3296 solus

175 3342 270 3403 Pater
293 3351 342 3403 est
366 3343 466 3415 Deus,
490 3351 539 3404 est
561 3342 727 3404 exclusiva
751 3343 961 3416 affirmativa;
986 3362 1065 3423 ergo
1089 3342 1136 3403 in-

174 3447 236 3510 sert
271 3448 470 3510 universalen
511 3449 715 3530 negativam,
751 3459 854 3531 puta:
884 3449 990 3511 nullus
1014 3448 1094 3510 alius
1118 3469 1138 3509 a

174 3555 270 3616 Patre
292 3563 341 3616 est
364 3555 465 3617 Deus.
490 3555 555 3618 Sed
580 3555 640 3617 ista
662 3565 712 3618 est
735 3556 831 3630 falsa;
855 3577 935 3638 ergo
958 3565 990 3617 et
1013 3555 1075 3616 illa.

243 3661 300 3723 Ex
323 3662 419 3724 tertia
450 3662 566 3745 regula
590 3663 747 3744 probatur
775 3663 836 3726 sic:
868 3662 1033 3725 exclusiva
1056 3663 1138 3724 affir-
