2684 4209
229 242 293 322 246
472 238 546 305 Lra.
571 241 585 303 1
609 239 906 304 Ssnrnnrmnuir

209 447 402 528 magnitudo
425 434 476 509 v'el
501 443 657 520 infinitas;
681 464 761 527 ergo
772 454 821 507 est
836 444 879 506 ibi
904 465 969 507 una
991 443 1174 526 aequalitas.

278 552 346 616 Sed
365 563 451 615 teneo
474 552 661 635 oppositum,
694 551 788 632 cujus
810 551 892 614 ratio
915 560 980 613 est:
1005 550 1072 615 Ubi
1102 551 1176 633 plu-

209 658 374 722 rificantur
398 658 610 722 fundamenta
633 658 686 720 illa
703 658 803 721 modo
826 658 917 740 quod
940 679 1006 721 non
1030 667 1105 720 sunt
1123 665 1179 720 to-

210 765 315 828 taliter
339 766 424 829 idem
449 774 543 828 extra
566 765 775 837 intellectum,
807 764 850 827 ibi
881 762 1103 846 plurificantur
1126 784 1173 827 re

209 873 360 945 lationes;
385 854 442 934 sed
477 871 694 934 fundamenta
724 872 919 953 aequalitatis
950 870 1176 954 plurificantur

209 979 271 1041 isto
300 978 402 1041 modo
425 979 515 1060 quod
539 999 604 1040 non
629 987 705 1040 sunt
727 978 869 1042 totaliter
903 979 989 1041 idem
1013 988 1107 1041 extra
1130 980 1178 1042 in·

208 1086 393 1161 tellectum;
417 1105 497 1167 ergo
521 1084 721 1166 plurificatur
744 1084 787 1146 ibi
811 1086 990 1166 aequalitas.
1019 1085 1175 1149 Probatio

210 1191 368 1255 minoris:
393 1192 481 1254 Nam
505 1190 675 1272 aequalitas
697 1192 853 1273 accipitur
877 1213 976 1273 penes
1007 1191 1176 1275 perfectio

211 1318 267 1360 nes
299 1286 510 1372 attributales,
540 1307 619 1379 puta
654 1318 753 1380 penes
783 1299 985 1380 sapientiam,
1014 1298 1176 1379 justitiam

211 1414 243 1467 et
267 1404 466 1485 hujusmodi,
490 1415 524 1467 et
547 1405 616 1468 istae
640 1404 853 1487 perfectiones
875 1406 1085 1469 attributales·
1107 1425 1175 1468 non

214 1523 291 1575 sunt
314 1513 461 1575 omnimo
486 1512 571 1574 idem
596 1521 690 1575 extra
705 1513 914 1587 intellectum,
939 1513 1042 1575 immo
1066 1512 1180 1575 distin-

216 1627 363 1701 guuntur
390 1620 500 1700 aliquo
534 1620 635 1682 modo
658 1640 702 1681 ex
729 1629 845 1682 natura
861 1619 914 1693 rei,
946 1628 982 1681 ut
1016 1616 1076 1681 fuit
1103 1639 1183 1700 pro-·

216 1726 332 1789 batum
357 1746 454 1807 supra
477 1725 565 1788 Dist.
588 1725 622 1789 8.
646 1746 767 1811 quaere,
791 1736 852 1789 etc.

282 1833 340 1895 Ad
352 1843 582 1915 argumentum
595 1833 808 1915 praecedentis
823 1834 984 1915 opinionis
996 1833 1070 1895 dico
1084 1832 1179 1915 quod

220 1940 293 2002 licet
316 1939 348 2001 in
373 1939 445 2001 Deo
461 1960 535 2003 -non
559 1940 598 2002 sit
622 1938 681 2002 nisi
706 1960 770 2002 una
786 1938 927 2002 infinitas
940 1941 1183 2023 fundamenta-

127 2106 137 2127 ,
220 2046 297 2109 liter
325 2055 467 2128 sumpta,
502 2055 613 2109 tamen
637 2046 801 2128 loquendo
827 2047 1022 2129 formaliter
1050 2047 1179 2128 quodli-

216 2153 271 2216 bet
304 2152 496 2215 attributum
522 2151 619 2215 habet
653 2173 747 2215 suam
783 2152 984 2229 infinitatem,
1012 2154 1057 2216 ita
1086 2154 1178 2236 quod

220 2259 292 2323 haec
316 2258 492 2322 formaliter
516 2280 580 2322 non
605 2269 653 2321 est
685 2259 746 2333 illa,
771 2260 859 2323 unde
893 2260 1033 2323 infinitas
1055 2260 1183 2342 sapien-

220 2366 273 2429 tiae
298 2375 435 2428 nonest
465 2366 580 2429 eadem
615 2364 791 2428 formaliter
826 2388 902 2429 cum
926 2368 988 2429 alia
1021 2366 1179 2429 infinitate

217 2473 379 2547 bonitatis,
403 2473 493 2554 quod
521 2482 610 2554 patet
633 2473 694 2536 sic:
727 2474 806 2536 illud
828 2476 919 2555 quod
950 2483 1096 2537 remanet
1118 2472 1184 2536 for·

219 2580 343 2642 maliter
359 2578 520 2641 infinitum
536 2580 599 2642 alio
615 2580 869 2662 circumscripto,
891 2580 990 2643 habet
1012 2580 1180 2663 propriam

219 2684 429 2761 infinitatem;
454 2687 511 2748 sed
533 2687 702 2768 quodlibet
725 2687 919 2750 attributum
942 2696 991 2751 est
1014 2686 1185 2768 hujusmo-

145 2830 149 2839 ·
220 2792 263 2865 di,
289 2814 365 2855 nam
389 2793 457 2855 aliis
480 2793 730 2875 circumscriptis
753 2815 810 2877 per
841 2794 1047 2876 impossibile,
1079 2813 1184 2856 rema·

222 2908 279 2962 net
302 2899 433 2981 propria
456 2897 610 2977 infinitas;
634 2921 723 2983 ergo.

288 3004 356 3068 Sed
376 3005 526 3080 instabis,
552 3007 628 3089 quia
651 3028 727 3069 cum
752 3007 783 3069 in
816 3006 889 3069 Deo
912 3006 976 3068 sint
1006 3005 1184 3088 proprieta-

220 3123 268 3174 tes
291 3112 494 3175 attributales
518 3111 662 3187 infinitae,
686 3122 782 3175 erunt
805 3113 849 3175 ibi
879 3111 1013 3175 infinitae
1041 3112 1184 3175 infinita-

220 3228 279 3281 tes.
303 3256 342 3265 -—
369 3220 601 3300 Resporrdetur,
618 3218 749 3301 quodsi
772 3229 849 3281 sunt
869 3218 1002 3281 infinitae
1016 3217 1187 3301 perfectio·

222 3345 278 3387 nes
312 3325 513 3388 attributales
548 3326 579 3387 in
616 3326 698 3399 Deo,
732 3335 862 3407 oportet
884 3326 1062 3389 concedere
1089 3326 1186 3408 quod

222 3441 318 3494 erunt
341 3430 475 3495 infinitae
499 3432 690 3512 infinitates;
714 3432 739 3494 si
763 3442 873 3495 autem
898 3452 964 3495 non
987 3442 1064 3496 sunt
1076 3432 1119 3495 ibi
1137 3433 1184 3496 in-

224 3535 323 3599 finitae
348 3538 560 3619 perfectiones
590 3539 801 3613 attributales,
832 3549 910 3602 tunc
934 3559 1001 3602 non
1031 3548 1108 3601 sunt
1139 3539 1184 3602 ibi

224 3634 358 3706 infinitae
383 3644 565 3708 infinitates.
