2684 4209
244 239 308 304 27²
514 223 588 286 Lm.
613 224 627 286 1
652 222 946 288 Snurssmmnun

221 449 287 511 que
310 449 430 492 nomen
455 429 534 490 illud
557 449 627 491 esse
650 429 841 511 impositum
869 430 911 491 ad
934 427 1190 512 significandum

223 557 291 599 rem
307 536 412 599 istam.
438 535 503 600 Sed
519 536 629 598 divina
653 545 769 598 natura
785 545 834 599 est
857 545 935 598 nota
950 536 1021 598 solo
1045 535 1192 599 intellec·

223 643 270 705 tui
294 643 405 705 divino
428 651 588 724 quantum
614 643 657 706 ad
681 644 841 707 rationem
865 642 1033 706 infinitatis
1056 645 1106 705 vel
1131 643 1193 705 im·

225 750 412 814 mensitatiS.
449 751 541 833 Ergo
565 750 675 813 divina
706 759 822 813 natura
856 751 924 813 sive
955 750 1046 813 Deus
1076 771 1096 812 a
1119 749 1192 812 solo

226 857 299 920 Deo
324 857 458 939 proprio
481 858 614 920 nomine
637 857 796 920 nominari
820 865 937 939 potest.

297 964 440 1027 Ulterius
463 964 541 1027 dicit
561 964 654 1046 ‘quod
673 965 932 1047 unumquodque
955 973 1064 1046 potest
1088 963 1193 1026 nomi-

174 1076 181 1088 '
229 1070 298 1133 nari
322 1071 405 1133 sicut
420 1080 469 1133 est
492 1071 662 1153 cognitum
679 1079 711 1132 et
726 1071 842 1142 visum,
867 1081 899 1133 et
916 1071 1000 1133 beati
1017 1070 1084 1133 sive
1100 1091 1190 1133 com-

226 1178 439 1260 prehensores
462 1177 574 1240 vident
596 1187 629 1238 et
651 1187 857 1259 cognoscunt
881 1177 1001 1252 Deum,
1034 1178 1108 1240 ideo
1132 1199 1192 1260 po-

227 1294 336 1347 terunt
359 1304 435 1346 eum
461 1285 634 1352 nominare¹
651 1284 784 1365 proprio
808 1284 941 1348 nomine
963 1284 1031 1346 sive
1054 1284 1133 1346 illud
1149 1285 1192 1347 sit

228 1392 418 1473 impositum
441 1412 461 1453 a
485 1391 567 1463 Deo,
592 1392 659 1452 sive
682 1411 701 1452 a
726 1389 861 1454 Sanctis.

301 1498 405 1560 Tertio
428 1497 505 1559 dicit
528 1497 617 1578 quod
641 1497 718 1578 quia
734 1498 873 1560 viatores
895 1518 961 1561 non
986 1507 1193 1580 cognoscunt

230 1606 339 1666 Deum
364 1604 550 1666 naturaliter
574 1604 733 1678 distincte,
758 1604 831 1667 ideo
863 1625 929 1666 non
953 1613 1091 1686 possunt
1113 1625 1193 1667 eum

229 1712 379 1774 distincte
414 1712 582 1774 nominare
608 1720 641 1773 et
675 1731 715 1774 eo
748 1712 847 1774 modo
879 1711 1048 1773 nominant
1084 1711 1193 1793 ipsum

232 1839 299 1900 quo
334 1818 441 1900 ipsum
473 1826 686 1900 cognoscunt.
724 1817 788 1882 Sed
812 1827 1017 1900 cognoscunt
1050 1839 1127 1881 eum
1159 1819 1194 1881 in

232 1925 400 1988 universali
423 1933 456 1987 et
479 1945 545 1987 non
569 1925 727 1998 distincte,
761 1925 833 1987 ideo
865 1934 1001 2007 possunt
1033 1926 1197 1988 universa·

232 2032 301 2094 liter
325 2053 400 2093 eum
426 2032 603 2106 nominare,
629 2051 694 2094 non
718 2032 852 2113 quidem
877 2032 908 2094 in
934 2033 1102 2094 universali
1127 2033 1198 2095 uni-

232 2159 325 2224 voc0,
349 2139 426 2237 quia
442 2139 518 2201 nihil
535 2149 584 2201 est
600 2138 776 2200 univocum
799 2139 871 2200 Deo
887 2147 921 2210 et
936 2147 1103 2203 creaturae.
1128 2119 1135 2134 ’

301 2351 406 2417 Alia
440 2355 508 2416 eor
537 2351 690 2434 opinio
725 2352 927 2418 Bootorr'o
960 2353 1108 2418 nostre·
1139 2353 1196 2435 qui

227 2459 339 2543 primo
362 2459 531 2539 praemittit
554 2460 644 2540 quod
668 2459 790 2540 aliquid
823 2461 982 2523 nominari
1013 2460 1055 2522 ab
1086 2459 1198 2542 aliquo

241 2565 402 2647 contingit
424 2564 603 2647 dupliciter,
628 2567 678 2627 vel
708 2586 828 2629 nomen
851 2566 879 2630 ei
911 2565 1121 2648 imponendo,
1145 2567 1195 2629 vel

238 2673 369 2735 nomine
392 2671 546 2753 imposito
571 2673 704 2734 utendo.
729 2673 774 2734 Et
804 2673 939 2754 quilibet
969 2673 1105 2736 istorum
1131 2693 1200 2734 mo

238 2781 355 2842 dorum
372 2778 489 2841 dicitur
512 2778 692 2860 dupliciter,
716 2779 793 2860 quia
809 2787 915 2861 potest
939 2779 1054 2861 aliquis
1078 2799 1197 2842 nomen

239 2887 406 2967 imponere
440 2883 581 2967 perfecte
612 2885 662 2946 vel
688 2884 882 2967 imperfecte.
916 2885 1068 2949 Similiter
1091 2896 1199 2967 potest

239 2993 353 3074 aliquis
377 2991 424 3054 uti
448 2992 580 3053 nomine
603 2990 745 3072 perfecte
761 2992 811 3053 vel
835 2991 1030 3073 imperfecte.
1045 2991 1198 3065 Perfecto,

240 3101 322 3162 sicut
345 3099 495 3161 homines
520 3106 656 3159 utuntur
687 3098 882 3179 quibusdam
915 3098 1119 3162 nominibus:
1144 3099 1199 3160 im-

241 3204 390 3288 perfecte,
415 3205 497 3267 sicut
521 3225 597 3266 aves
620 3205 728 3266 doctae
752 3226 827 3286 quae
858 3205 1034 3287 aliquando
1066 3206 1200 3288 loquun-

241 3327 302 3376 tur.
327 3349 371 3359 —
396 3311 541 3374 Secmzdo
565 3311 734 3393 praemittit
765 3313 854 3394 quod
882 3312 996 3394 aliquis
1024 3323 1131 3394 potest
1154 3312 1199 3375 uti

242 3422 351 3502 aliquo
380 3419 512 3482 nomine
543 3419 805 3502 quadrupliciter.
838 3419 952 3482 Primo
983 3420 1069 3482 enim
1102 3420 1201 3482 utitur

242 3527 357 3608 aliquis
381 3526 522 3600 nomine,
548 3535 584 3587 ut
607 3535 655 3587 est
679 3546 728 3587 res
752 3526 832 3588 talis.
858 3525 1003 3590 Secundo
1027 3527 1127 3589 utitur
1150 3525 1202 3588 ali·

244 3633 317 3716 quis
341 3633 473 3696 nomine
496 3653 555 3716 pro
579 3633 674 3714 signo
705 3633 747 3694 ad
771 3633 927 3715 placitum
963 3653 1027 3698 non
1051 3633 1204 3696 habendo
