2684 4209
431 220 616 303 Drsrnr'cr.
641 240 722 303 VIII
746 238 893 321 QuAEsr.
918 242 967 303 IV
1102 243 1164 322 169

289 446 422 529 Decimo
445 448 560 527 quatio
583 447 644 508 sic:
675 446 817 509 scientiae
848 455 997 509 secantur
1028 448 1186 527 quemad-

222 554 361 616 modum
385 562 417 615 et
441 574 490 615 res
513 554 555 615 de
589 553 708 635 quibus
731 562 817 627 sunt,
841 574 883 615 ex
901 572 936 632 j.
972 553 1023 615 De
1045 553 1185 626 Arum„-

215 680 302 741 ergo
325 660 350 723 si
374 669 422 722 est
444 660 552 741 aliqua
575 660 739 723 distinctio
753 660 860 721 media
876 680 952 741 quae
976 680 1035 723 nec
1058 668 1106 722 est
1121 681 1188 722 rea-

224 767 260 829 lis
284 787 343 829 nec
366 767 507 840 rationis,
543 767 602 827 erit
626 767 780 849 quaedam
808 766 941 829 scientia
964 787 1039 847 quae
1064 787 1122 829 nec
1138 778 1187 829 est

222 874 315 936 realis
339 894 398 936 nec
422 874 562 945 rationis
587 874 678 955 quod
702 883 750 935 est
773 873 1011 936 inconveniens,

290 976 423 1042 Decimo
446 980 560 1062 quinto
583 981 644 1043 sic:
669 980 752 1042 inter
777 1000 846 1042 rem
870 989 903 1042 et
934 980 1091 1042 rationem
1120 1000 1186 1042 non

215 1086 310 1149 cadit
335 1087 497 1161 medium;
522 1108 602 1169 ergo
626 1108 686 1149 nec
710 1087 792 1148 inter
823 1086 1035 1149 differentiam
1068 1087 1185 1149 realem

215 1202 255 1255 -et
278 1194 410 1255 rationis
433 1194 519 1255 cadit
544 1194 701 1256 medium.

290 1299 422 1362 Decimo
445 1310 533 1363 sexto
564 1300 625 1362 sic:
662 1298 841 1361 formalitas
874 1299 990 1362 dicitur
1024 1321 1044 1361 a
1071 1298 1185 1370 forma,

215 1426 302 1487 -ergo
334 1406 552 1488 multiplicatis
583 1405 835 1468 formalitatibus
867 1387 1123 1487 multiplicantur
1154 1416 1187 1467 et

223 1511 348 1586 formae,
372 1513 654 1595 quemadmodum
680 1514 897 1595 multiplicato
920 1512 1085 1574 abstracto
1107 1514 1188 1573 mul-

223 1619 408 1701 tiplicantur
439 1630 607 1695 concreta;
631 1641 712 1701 ergo
743 1620 768 1681 si
801 1620 834 1681 in
868 1620 942 1681 Deo
972 1628 1048 1681 sunt
1079 1620 1187 1701 plures

223 1725 433 1789 formalitates
456 1736 531 1789 sunt
554 1712 653 1789 etiam
679 1727 786 1807 plures
810 1726 936 1788 formae.

291 1833 423 1895 Decimo
437 1835 570 1915 septimo
586 1834 647 1895 sic:
673 1834 903 1896 inconveniens
918 1842 965 1895 est
990 1833 1021 1895 in
1039 1833 1111 1894 Deo
1127 1854 1186 1913 po-

223 1959 299 2001 nere
322 1960 485 2002 summam
511 1940 669 2002 unitatem
694 1949 727 2001 et
744 1960 808 2002 non
826 1960 992 2002 summam
1010 1940 1184 2012 unitatem;

223 2046 280 2107 sed
303 2056 338 2107 tu
363 2047 457 2128 ponis
481 2047 639 2109 unitatem
663 2067 831 2108 summam
855 2055 888 2107 et
912 2066 977 2107 non
1009 2066 1185 2117 summam,

221 2152 300 2233 quia
324 2153 417 2234 ponis
441 2154 599 2215 unitatem
632 2154 750 2215 realem
782 2162 814 2214 et
838 2152 1007 2214 formalem
1038 2173 1114 2233 quae
1138 2163 1186 2213 est

217 2278 399 2333 summam,
423 2269 456 2322 et
473 2260 630 2322 unitatem
648 2260 767 2322 realem
784 2269 817 2321 et
841 2279 907 2320 non
923 2258 1095 2320 formalem
1111 2274 1186 2339 quat

223 2385 290 2427 non
314 2376 362 2428 est
385 2387 514 2429 summa
539 2366 654 2429 unitas,

291 2472 423 2535 Decimo
446 2484 555 2535 octavo
571 2474 718 2555 arguitur
743 2494 799 2553 per
821 2472 978 2534 rationem
1003 2493 1078 2553 quae
1102 2470 1187 2533 sacta

223 2588 273 2640 est
287 2580 329 2641 ad
346 2580 531 2662 principale,
548 2581 625 2661 quia
640 2580 713 2641 talis
728 2579 893 2641 distinctio
917 2578 1000 2640 tollit
1021 2597 1185 2640 summam

226 2686 394 2748 unitatem.

291 2789 383 2859 Alia
405 2796 463 2861 est
475 2791 605 2878 opinio
629 2793 733 2855 verior
749 2813 849 2873 quam
874 2813 1001 2873 sequor,
1026 2792 1115 2874 quod
1140 2792 1186 2853 in-

225 2908 272 2961 ter
296 2900 452 2962 attributa
475 2900 584 2962 divina
608 2909 656 2962 est
673 2901 782 2980 aliqua
798 2920 864 2961 non
881 2900 1032 2961 identitas
1048 2900 1115 2960 sive
1142 2899 1186 2959 di·

225 3005 354 3068 stinctio
377 3028 419 3068 ex
445 3016 560 3069 natura
585 3007 627 3067 rei
652 3006 897 3087 circumscripto
920 3005 1009 3067 omni
1034 3025 1131 3087 opere
1154 3014 1187 3066 et

225 3120 298 3174 actu
324 3113 520 3187 intellectus;
545 3122 577 3174 et
594 3122 702 3194 potest
719 3113 779 3174 ista
803 3112 967 3174 distinctio
988 3112 1095 3173 vocari
1120 3132 1187 3172 mo·

225 3219 305 3281 dalis
328 3220 378 3281 vel
403 3218 546 3282 formalis
556 3241 563 3295 ;
593 3240 658 3281 non
690 3230 800 3281 tamen
832 3219 978 3301 intelligo
1008 3218 1102 3279 istam
1127 3218 1187 3280 dis-

225 3326 414 3388 tinctionem
439 3347 496 3408 per
506 3327 697 3407 positionem
718 3327 774 3387 sed
794 3347 852 3407 per
871 3326 1125 3407 abrregutionem,
1142 3324 1188 3386 in-

225 3444 385 3514 quantum
411 3432 473 3495 hoc
490 3433 666 3495 formaliter
691 3454 756 3495 non
780 3442 828 3495 est
845 3433 933 3494 illud.
959 3433 1036 3494 Ideo
1061 3432 1187 3493 Doctor

226 3550 333 3602 noster
357 3540 435 3602 dicit
458 3541 548 3621 quod
573 3541 687 3602 melius
709 3550 758 3603 est
782 3540 828 3601 uti
853 3540 904 3601 illa
929 3539 1089 3621 negativa,
1123 3559 1185 3599 nou

226 3646 312 3709 idem
335 3666 435 3728 quam
467 3647 667 3709 dz'stiuctum.
698 3686 741 3693 —
766 3646 939 3709 Conclusio
962 3667 1042 3727 ergo
1070 3644 1188 3725 princi-
