<?xml version="1.0" encoding="UTF-8"?>
<!DOCTYPE html PUBLIC "-//W3C//DTD XHTML 1.0 Transitional//EN"
    "http://www.w3.org/TR/xhtml1/DTD/xhtml1-transitional.dtd">
<html xmlns="http://www.w3.org/1999/xhtml" xml:lang="en" lang="en">
 <head>
  <title>
</title>
<meta http-equiv="Content-Type" content="text/html;charset=utf-8" />
  <meta name='ocr-system' content='tesseract 3.04.00' />
  <meta name='ocr-capabilities' content='ocr_page ocr_carea ocr_par ocr_line ocrx_word'/>
</head>
<body>
  <div class='ocr_page' id='page_1' title='image "./commentariainli01scotgoog_0420.png"; bbox 0 0 2684 4209; ppageno 0'>
   <div class='ocr_carea' id='block_1_1' title="bbox 251 232 967 336">
    <p class='ocr_par' dir='ltr' id='par_1_1' title="bbox 251 232 967 336">
     <span class='ocr_line' id='line_1_1' title="bbox 251 232 967 336; baseline -0.006 -35"><span class='ocrx_word' id='word_1_1' title='bbox 251 249 319 311; x_wconf 86' lang='lat'>404</span> <span class='ocrx_word' id='word_1_2' title='bbox 380 326 385 336; x_wconf 30' lang='grc' dir='ltr'>Ι</span> <span class='ocrx_word' id='word_1_3' title='bbox 530 232 605 295; x_wconf 81' lang='lat' dir='ltr'>Lm.</span> <span class='ocrx_word' id='word_1_4' title='bbox 629 233 644 296; x_wconf 94' lang='lat'>1</span> <span class='ocrx_word' id='word_1_5' title='bbox 668 233 967 298; x_wconf 77' lang='lat' dir='ltr'>Ssnrsnrrnnun</span> 
     </span>
    </p>
   </div>
   <div class='ocr_carea' id='block_1_2' title="bbox 149 433 1311 3509">
    <p class='ocr_par' dir='ltr' id='par_1_2' title="bbox 230 433 1202 840">
     <span class='ocr_line' id='line_1_2' title="bbox 298 433 1202 523; baseline -0.001 -19"><span class='ocrx_word' id='word_1_6' title='bbox 298 433 389 505; x_wconf 76' lang='lat' dir='ltr'>Alia</span> <span class='ocrx_word' id='word_1_7' title='bbox 411 435 541 523; x_wconf 79' lang='lat' dir='ltr'>opinio</span> <span class='ocrx_word' id='word_1_8' title='bbox 554 440 612 506; x_wconf 77' lang='lat' dir='ltr'>est</span> <span class='ocrx_word' id='word_1_9' title='bbox 626 434 729 506; x_wconf 79' lang='lat' dir='ltr'>Scoii</span> <span class='ocrx_word' id='word_1_10' title='bbox 741 459 817 522; x_wconf 85' lang='lat' dir='ltr'>quae</span> <span class='ocrx_word' id='word_1_11' title='bbox 833 449 898 503; x_wconf 85' lang='lat' dir='ltr'>stat</span> <span class='ocrx_word' id='word_1_12' title='bbox 914 439 945 502; x_wconf 90' lang='lat' dir='ltr'>in</span> <span class='ocrx_word' id='word_1_13' title='bbox 962 440 1096 503; x_wconf 87' lang='lat' dir='ltr'>duabus</span> <span class='ocrx_word' id='word_1_14' title='bbox 1112 440 1202 504; x_wconf 85' lang='lat' dir='ltr'>Con-</span> 
     </span>
     <span class='ocr_line' id='line_1_3' title="bbox 231 543 1189 628; baseline 0.001 -21"><span class='ocrx_word' id='word_1_15' title='bbox 231 544 436 608; x_wconf 88' lang='lat' dir='ltr'>clusionibus.</span> <span class='ocrx_word' id='word_1_16' title='bbox 461 543 580 608; x_wconf 85' lang='lat' dir='ltr'>Prima</span> <span class='ocrx_word' id='word_1_17' title='bbox 602 555 651 608; x_wconf 88' lang='lat' dir='ltr'>est</span> <span class='ocrx_word' id='word_1_18' title='bbox 674 547 764 627; x_wconf 89' lang='lat' dir='ltr'>quod</span> <span class='ocrx_word' id='word_1_19' title='bbox 788 547 1080 628; x_wconf 87' lang='lat' dir='ltr'>praedestinationis</span> <span class='ocrx_word' id='word_1_20' title='bbox 1103 547 1189 608; x_wconf 86' lang='lat' dir='ltr'>nulia</span> 
     </span>
     <span class='ocr_line' id='line_1_4' title="bbox 230 652 1190 734; baseline 0.003 -20"><span class='ocrx_word' id='word_1_21' title='bbox 230 660 281 715; x_wconf 81' lang='lat' dir='ltr'>est</span> <span class='ocrx_word' id='word_1_22' title='bbox 303 671 417 726; x_wconf 87' lang='lat' dir='ltr'>causa;</span> <span class='ocrx_word' id='word_1_23' title='bbox 447 652 597 725; x_wconf 86' lang='lat' dir='ltr'>secunda,</span> <span class='ocrx_word' id='word_1_24' title='bbox 629 653 720 734; x_wconf 89' lang='lat' dir='ltr'>quod</span> <span class='ocrx_word' id='word_1_25' title='bbox 750 653 986 734; x_wconf 83' lang='lat' dir='ltr'>reprobationis</span> <span class='ocrx_word' id='word_1_26' title='bbox 1015 663 1065 715; x_wconf 88' lang='lat' dir='ltr'>est</span> <span class='ocrx_word' id='word_1_27' title='bbox 1095 674 1190 718; x_wconf 88' lang='lat' dir='ltr'>causa</span> 
     </span>
     <span class='ocr_line' id='line_1_5' title="bbox 234 758 351 840; baseline 0.026 -19"><span class='ocrx_word' id='word_1_28' title='bbox 234 758 351 840; x_wconf 83' lang='lat' dir='ltr'>aliqua.</span> 
     </span>
    </p>

    <p class='ocr_par' dir='ltr' id='par_1_3' title="bbox 149 863 1200 2122">
     <span class='ocr_line' id='line_1_6' title="bbox 301 863 1192 948; baseline 0 -20"><span class='ocrx_word' id='word_1_29' title='bbox 301 865 454 928; x_wconf 84' lang='lat' dir='ltr'><em>Primam</em></span> <span class='ocrx_word' id='word_1_30' title='bbox 475 863 715 929; x_wconf 80' lang='lat' dir='ltr'>Conclusionem</span> <span class='ocrx_word' id='word_1_31' title='bbox 736 867 854 948; x_wconf 88' lang='lat' dir='ltr'>probat</span> <span class='ocrx_word' id='word_1_32' title='bbox 882 868 944 930; x_wconf 89' lang='lat' dir='ltr'>sic:</span> <span class='ocrx_word' id='word_1_33' title='bbox 967 865 1125 931; x_wconf 89' lang='lat' dir='ltr'>Ordinate</span> <span class='ocrx_word' id='word_1_34' title='bbox 1140 887 1192 929; x_wconf 91' lang='lat' dir='ltr'>vo-</span> 
     </span>
     <span class='ocr_line' id='line_1_7' title="bbox 236 969 1195 1056; baseline 0.002 -23"><span class='ocrx_word' id='word_1_35' title='bbox 236 971 303 1034; x_wconf 89' lang='lat' dir='ltr'>lens</span> <span class='ocrx_word' id='word_1_36' title='bbox 325 969 435 1046; x_wconf 86' lang='lat' dir='ltr'>finem,</span> <span class='ocrx_word' id='word_1_37' title='bbox 460 982 493 1034; x_wconf 92' lang='lat' dir='ltr'>et</span> <span class='ocrx_word' id='word_1_38' title='bbox 514 993 553 1035; x_wconf 87' lang='lat' dir='ltr'>ea</span> <span class='ocrx_word' id='word_1_39' title='bbox 575 993 642 1054; x_wconf 87' lang='lat' dir='ltr'>qua</span> <span class='ocrx_word' id='word_1_40' title='bbox 664 982 739 1035; x_wconf 91' lang='lat' dir='ltr'>sunt</span> <span class='ocrx_word' id='word_1_41' title='bbox 762 974 804 1036; x_wconf 85' lang='lat' dir='ltr'>ad</span> <span class='ocrx_word' id='word_1_42' title='bbox 829 973 937 1047; x_wconf 87' lang='lat' dir='ltr'>finem,</span> <span class='ocrx_word' id='word_1_43' title='bbox 963 973 1050 1056; x_wconf 87' lang='lat' dir='ltr'>prius</span> <span class='ocrx_word' id='word_1_44' title='bbox 1073 973 1143 1035; x_wconf 88' lang='lat' dir='ltr'>vult</span> <span class='ocrx_word' id='word_1_45' title='bbox 1158 972 1195 1035; x_wconf 84' lang='lat' dir='ltr'>fi-</span> 
     </span>
     <span class='ocr_line' id='line_1_8' title="bbox 234 1079 1200 1160; baseline 0.001 -21"><span class='ocrx_word' id='word_1_46' title='bbox 234 1097 310 1140; x_wconf 90' lang='lat' dir='ltr'>nem</span> <span class='ocrx_word' id='word_1_47' title='bbox 334 1098 433 1160; x_wconf 91' lang='lat' dir='ltr'>quam</span> <span class='ocrx_word' id='word_1_48' title='bbox 457 1099 496 1140; x_wconf 88' lang='lat' dir='ltr'>ea</span> <span class='ocrx_word' id='word_1_49' title='bbox 518 1099 593 1160; x_wconf 86' lang='lat' dir='ltr'>quae</span> <span class='ocrx_word' id='word_1_50' title='bbox 616 1090 693 1142; x_wconf 87' lang='lat' dir='ltr'>sunt</span> <span class='ocrx_word' id='word_1_51' title='bbox 716 1081 758 1142; x_wconf 91' lang='lat' dir='ltr'>ad</span> <span class='ocrx_word' id='word_1_52' title='bbox 782 1079 897 1156; x_wconf 87' lang='lat' dir='ltr'>finem;</span> <span class='ocrx_word' id='word_1_53' title='bbox 922 1081 979 1143; x_wconf 86' lang='lat' dir='ltr'>sed</span> <span class='ocrx_word' id='word_1_54' title='bbox 997 1081 1087 1143; x_wconf 89' lang='lat' dir='ltr'>Deus</span> <span class='ocrx_word' id='word_1_55' title='bbox 1110 1080 1200 1142; x_wconf 78' lang='lat' dir='ltr'>ordi-</span> 
     </span>
     <span class='ocr_line' id='line_1_9' title="bbox 235 1184 1189 1268; baseline 0.002 -22"><span class='ocrx_word' id='word_1_56' title='bbox 235 1193 310 1247; x_wconf 85' lang='lat' dir='ltr'>nare</span> <span class='ocrx_word' id='word_1_57' title='bbox 332 1185 403 1248; x_wconf 88' lang='lat' dir='ltr'>vult</span> <span class='ocrx_word' id='word_1_58' title='bbox 425 1184 524 1248; x_wconf 85' lang='lat' dir='ltr'>finem</span> <span class='ocrx_word' id='word_1_59' title='bbox 547 1195 579 1248; x_wconf 92' lang='lat' dir='ltr'>et</span> <span class='ocrx_word' id='word_1_60' title='bbox 602 1207 641 1249; x_wconf 90' lang='lat' dir='ltr'>ea</span> <span class='ocrx_word' id='word_1_61' title='bbox 670 1207 746 1268; x_wconf 87' lang='lat' dir='ltr'>quae</span> <span class='ocrx_word' id='word_1_62' title='bbox 781 1197 857 1250; x_wconf 87' lang='lat' dir='ltr'>sunt</span> <span class='ocrx_word' id='word_1_63' title='bbox 887 1188 929 1249; x_wconf 89' lang='lat' dir='ltr'>ad</span> <span class='ocrx_word' id='word_1_64' title='bbox 966 1186 1081 1262; x_wconf 86' lang='lat' dir='ltr'>finem;</span> <span class='ocrx_word' id='word_1_65' title='bbox 1113 1207 1189 1268; x_wconf 87' lang='lat' dir='ltr'>ergo</span> 
     </span>
     <span class='ocr_line' id='line_1_10' title="bbox 238 1291 1193 1375; baseline -0.002 -21"><span class='ocrx_word' id='word_1_66' title='bbox 238 1291 330 1354; x_wconf 89' lang='lat' dir='ltr'>Deus</span> <span class='ocrx_word' id='word_1_67' title='bbox 352 1291 442 1373; x_wconf 89' lang='lat' dir='ltr'>prius</span> <span class='ocrx_word' id='word_1_68' title='bbox 456 1293 526 1354; x_wconf 86' lang='lat' dir='ltr'>vult</span> <span class='ocrx_word' id='word_1_69' title='bbox 539 1292 588 1354; x_wconf 91' lang='lat' dir='ltr'>isti</span> <span class='ocrx_word' id='word_1_70' title='bbox 605 1292 704 1356; x_wconf 85' lang='lat' dir='ltr'>finem</span> <span class='ocrx_word' id='word_1_71' title='bbox 725 1315 824 1375; x_wconf 89' lang='lat' dir='ltr'>quarn</span> <span class='ocrx_word' id='word_1_72' title='bbox 848 1315 924 1375; x_wconf 84' lang='lat' dir='ltr'>quae</span> <span class='ocrx_word' id='word_1_73' title='bbox 940 1303 1017 1356; x_wconf 86' lang='lat' dir='ltr'>sunt</span> <span class='ocrx_word' id='word_1_74' title='bbox 1031 1295 1074 1356; x_wconf 89' lang='lat' dir='ltr'>ad</span> <span class='ocrx_word' id='word_1_75' title='bbox 1090 1293 1193 1356; x_wconf 85' lang='lat' dir='ltr'>finem.</span> 
     </span>
     <span class='ocr_line' id='line_1_11' title="bbox 243 1396 1195 1482; baseline 0 -21"><span class='ocrx_word' id='word_1_76' title='bbox 243 1396 308 1461; x_wconf 85' lang='lat' dir='ltr'>Sed</span> <span class='ocrx_word' id='word_1_77' title='bbox 331 1417 369 1460; x_wconf 88' lang='lat' dir='ltr'>ea</span> <span class='ocrx_word' id='word_1_78' title='bbox 392 1419 467 1480; x_wconf 87' lang='lat' dir='ltr'>quae</span> <span class='ocrx_word' id='word_1_79' title='bbox 491 1409 567 1461; x_wconf 89' lang='lat' dir='ltr'>sunt</span> <span class='ocrx_word' id='word_1_80' title='bbox 594 1401 635 1462; x_wconf 89' lang='lat' dir='ltr'>ad</span> <span class='ocrx_word' id='word_1_81' title='bbox 670 1399 779 1474; x_wconf 87' lang='lat' dir='ltr'>finem,</span> <span class='ocrx_word' id='word_1_82' title='bbox 812 1410 888 1463; x_wconf 87' lang='lat' dir='ltr'>sunt</span> <span class='ocrx_word' id='word_1_83' title='bbox 918 1401 1031 1482; x_wconf 84' lang='lat' dir='ltr'>gratia,</span> <span class='ocrx_word' id='word_1_84' title='bbox 1067 1399 1144 1462; x_wconf 83' lang='lat' dir='ltr'>fides</span> <span class='ocrx_word' id='word_1_85' title='bbox 1164 1409 1195 1461; x_wconf 90' lang='lat' dir='ltr'>et</span> 
     </span>
     <span class='ocr_line' id='line_1_12' title="bbox 149 1503 1194 1589; baseline 0.003 -25"><span class='ocrx_word' id='word_1_86' title='bbox 149 1510 152 1517; x_wconf 88' lang='lat'>&#39;</span> <span class='ocrx_word' id='word_1_87' title='bbox 239 1503 392 1566; x_wconf 89' lang='lat' dir='ltr'>meritum</span> <span class='ocrx_word' id='word_1_88' title='bbox 408 1514 441 1566; x_wconf 87' lang='lat' dir='ltr'>et</span> <span class='ocrx_word' id='word_1_89' title='bbox 457 1506 564 1568; x_wconf 89' lang='lat' dir='ltr'>bonus</span> <span class='ocrx_word' id='word_1_90' title='bbox 580 1527 656 1568; x_wconf 88' lang='lat' dir='ltr'>usus</span> <span class='ocrx_word' id='word_1_91' title='bbox 673 1506 760 1568; x_wconf 90' lang='lat' dir='ltr'>liberi</span> <span class='ocrx_word' id='word_1_92' title='bbox 777 1507 912 1580; x_wconf 88' lang='lat' dir='ltr'>arbitrii;</span> <span class='ocrx_word' id='word_1_93' title='bbox 928 1528 1007 1588; x_wconf 85' lang='lat' dir='ltr'>ergo</span> <span class='ocrx_word' id='word_1_94' title='bbox 1023 1508 1111 1589; x_wconf 88' lang='lat' dir='ltr'>prius</span> <span class='ocrx_word' id='word_1_95' title='bbox 1130 1507 1194 1568; x_wconf 86' lang='lat' dir='ltr'>vult</span> 
     </span>
     <span class='ocr_line' id='line_1_13' title="bbox 243 1609 1199 1695; baseline 0.002 -24"><span class='ocrx_word' id='word_1_96' title='bbox 243 1609 335 1672; x_wconf 86' lang='lat' dir='ltr'>Deus</span> <span class='ocrx_word' id='word_1_97' title='bbox 358 1611 408 1672; x_wconf 92' lang='lat' dir='ltr'>isti</span> <span class='ocrx_word' id='word_1_98' title='bbox 431 1610 541 1686; x_wconf 88' lang='lat' dir='ltr'>finem,</span> <span class='ocrx_word' id='word_1_99' title='bbox 557 1633 658 1694; x_wconf 89' lang='lat' dir='ltr'>quam</span> <span class='ocrx_word' id='word_1_100' title='bbox 675 1614 806 1694; x_wconf 85' lang='lat' dir='ltr'>aliquod</span> <span class='ocrx_word' id='word_1_101' title='bbox 823 1614 1064 1695; x_wconf 72' lang='lat' dir='ltr'>praedictorum.</span> <span class='ocrx_word' id='word_1_102' title='bbox 1081 1649 1125 1660; x_wconf 89' lang='lat'>-</span> <span class='ocrx_word' id='word_1_103' title='bbox 1140 1614 1199 1674; x_wconf 93' lang='lat' dir='ltr'>Po·-</span> 
     </span>
     <span class='ocr_line' id='line_1_14' title="bbox 240 1718 1199 1783; baseline 0.002 -5"><span class='ocrx_word' id='word_1_104' title='bbox 240 1726 303 1778; x_wconf 91' lang='lat' dir='ltr'>test</span> <span class='ocrx_word' id='word_1_105' title='bbox 325 1718 423 1780; x_wconf 86' lang='lat' dir='ltr'>etiam</span> <span class='ocrx_word' id='word_1_106' title='bbox 448 1719 528 1782; x_wconf 90' lang='lat' dir='ltr'>ratio</span> <span class='ocrx_word' id='word_1_107' title='bbox 552 1718 735 1782; x_wconf 86' lang='lat' dir='ltr'>confirmari</span> <span class='ocrx_word' id='word_1_108' title='bbox 759 1721 820 1783; x_wconf 85' lang='lat' dir='ltr'>sic:</span> <span class='ocrx_word' id='word_1_109' title='bbox 847 1721 937 1782; x_wconf 87' lang='lat' dir='ltr'>Deus</span> <span class='ocrx_word' id='word_1_110' title='bbox 960 1740 1019 1782; x_wconf 85' lang='lat' dir='ltr'>suo</span> <span class='ocrx_word' id='word_1_111' title='bbox 1047 1720 1116 1782; x_wconf 87' lang='lat' dir='ltr'>solo</span> <span class='ocrx_word' id='word_1_112' title='bbox 1145 1720 1199 1780; x_wconf 82' lang='lat' dir='ltr'>be·</span> 
     </span>
     <span class='ocr_line' id='line_1_15' title="bbox 242 1824 1196 1908; baseline 0.003 -23"><span class='ocrx_word' id='word_1_113' title='bbox 242 1824 403 1906; x_wconf 87' lang='lat' dir='ltr'>neplacito</span> <span class='ocrx_word' id='word_1_114' title='bbox 426 1825 620 1888; x_wconf 84' lang='lat' dir='ltr'><strong>determinat</strong></span> <span class='ocrx_word' id='word_1_115' title='bbox 643 1826 730 1889; x_wconf 89' lang='lat' dir='ltr'>hunc</span> <span class='ocrx_word' id='word_1_116' title='bbox 755 1827 921 1890; x_wconf 90' lang='lat' dir='ltr'>hominem</span> <span class='ocrx_word' id='word_1_117' title='bbox 946 1827 988 1888; x_wconf 89' lang='lat' dir='ltr'>ad</span> <span class='ocrx_word' id='word_1_118' title='bbox 1011 1846 1096 1901; x_wconf 88' lang='lat' dir='ltr'>esse;</span> <span class='ocrx_word' id='word_1_119' title='bbox 1120 1847 1196 1908; x_wconf 85' lang='lat' dir='ltr'>ergo</span> 
     </span>
     <span class='ocr_line' id='line_1_16' title="bbox 242 1932 1199 2013; baseline 0.002 -21"><span class='ocrx_word' id='word_1_120' title='bbox 242 1950 285 1992; x_wconf 89' lang='lat' dir='ltr'>ex</span> <span class='ocrx_word' id='word_1_121' title='bbox 308 1932 377 1993; x_wconf 90' lang='lat' dir='ltr'>solo</span> <span class='ocrx_word' id='word_1_122' title='bbox 402 1932 604 2013; x_wconf 85' lang='lat' dir='ltr'>beneplacito</span> <span class='ocrx_word' id='word_1_123' title='bbox 627 1954 687 1995; x_wconf 89' lang='lat' dir='ltr'>suo</span> <span class='ocrx_word' id='word_1_124' title='bbox 711 1934 905 1996; x_wconf 81' lang='lat' dir='ltr'>determinat</span> <span class='ocrx_word' id='word_1_125' title='bbox 929 1933 1016 1996; x_wconf 85' lang='lat' dir='ltr'>hunc</span> <span class='ocrx_word' id='word_1_126' title='bbox 1049 1935 1090 1996; x_wconf 90' lang='lat' dir='ltr'>ad</span> <span class='ocrx_word' id='word_1_127' title='bbox 1120 1934 1199 1994; x_wconf 87' lang='lat' dir='ltr'>bene</span> 
     </span>
     <span class='ocr_line' id='line_1_17' title="bbox 244 2037 883 2122; baseline 0.008 -24"><span class='ocrx_word' id='word_1_128' title='bbox 244 2057 322 2111; x_wconf 90' lang='lat' dir='ltr'>esse,</span> <span class='ocrx_word' id='word_1_129' title='bbox 342 2037 429 2122; x_wconf 87' lang='lat' dir='ltr'>idest</span> <span class='ocrx_word' id='word_1_130' title='bbox 452 2040 494 2100; x_wconf 90' lang='lat' dir='ltr'>ad</span> <span class='ocrx_word' id='word_1_131' title='bbox 518 2040 656 2121; x_wconf 86' lang='lat' dir='ltr'>gratiam</span> <span class='ocrx_word' id='word_1_132' title='bbox 680 2049 713 2102; x_wconf 90' lang='lat' dir='ltr'>et</span> <span class='ocrx_word' id='word_1_133' title='bbox 736 2040 883 2122; x_wconf 81' lang='lat' dir='ltr'>gloriam.</span> 
     </span>
    </p>

    <p class='ocr_par' dir='ltr' id='par_1_4' title="bbox 162 2143 1311 3509">
     <span class='ocr_line' id='line_1_18' title="bbox 311 2143 1311 2228; baseline 0.003 -23"><span class='ocrx_word' id='word_1_134' title='bbox 311 2143 460 2206; x_wconf 80' lang='lat' dir='ltr'>Secunda</span> <span class='ocrx_word' id='word_1_135' title='bbox 489 2144 659 2209; x_wconf 83' lang='lat' dir='ltr'>Conclusio</span> <span class='ocrx_word' id='word_1_136' title='bbox 684 2148 840 2228; x_wconf 90' lang='lat' dir='ltr'>probatur</span> <span class='ocrx_word' id='word_1_137' title='bbox 871 2148 932 2210; x_wconf 87' lang='lat' dir='ltr'>sic:</span> <span class='ocrx_word' id='word_1_138' title='bbox 963 2147 1140 2210; x_wconf 85' lang='lat' dir='ltr'>Danrnatio</span> <span class='ocrx_word' id='word_1_139' title='bbox 1169 2167 1202 2208; x_wconf 89' lang='lat' dir='ltr'>e-</span> <span class='ocrx_word' id='word_1_140' title='bbox 1310 2157 1311 2226; x_wconf 65' lang='lat' dir='ltr'>f</span> 
     </span>
     <span class='ocr_line' id='line_1_19' title="bbox 245 2227 1311 2336; baseline 0.003 -25"><span class='ocrx_word' id='word_1_141' title='bbox 245 2249 312 2311; x_wconf 91' lang='lat' dir='ltr'>nim</span> <span class='ocrx_word' id='word_1_142' title='bbox 337 2272 401 2312; x_wconf 94' lang='lat' dir='ltr'>non</span> <span class='ocrx_word' id='word_1_143' title='bbox 426 2252 551 2314; x_wconf 84' lang='lat' dir='ltr'>videtur</span> <span class='ocrx_word' id='word_1_144' title='bbox 575 2253 662 2316; x_wconf 89' lang='lat' dir='ltr'>bona</span> <span class='ocrx_word' id='word_1_145' title='bbox 687 2255 743 2316; x_wconf 91' lang='lat' dir='ltr'>nisi</span> <span class='ocrx_word' id='word_1_146' title='bbox 768 2255 843 2336; x_wconf 87' lang='lat' dir='ltr'>quia</span> <span class='ocrx_word' id='word_1_147' title='bbox 865 2255 961 2335; x_wconf 86' lang='lat' dir='ltr'>justa,</span> <span class='ocrx_word' id='word_1_148' title='bbox 978 2255 1066 2316; x_wconf 87' lang='lat' dir='ltr'>unde</span> <span class='ocrx_word' id='word_1_149' title='bbox 1088 2254 1209 2335; x_wconf 76' lang='lat' dir='ltr'>Augu·</span> <span class='ocrx_word' id='word_1_150' title='bbox 1310 2227 1311 2250; x_wconf 38' lang='lat' dir='ltr'>i</span> 
     </span>
     <span class='ocr_line' id='line_1_20' title="bbox 245 2357 1203 2442; baseline 0.001 -23"><span class='ocrx_word' id='word_1_151' title='bbox 245 2357 347 2419; x_wconf 86' lang='lat' dir='ltr'>stinus</span> <span class='ocrx_word' id='word_1_152' title='bbox 362 2368 459 2438; x_wconf 76' lang='lat' dir='ltr'>super</span> <span class='ocrx_word' id='word_1_153' title='bbox 477 2358 607 2421; x_wconf 69' lang='lat' dir='ltr'>Gener:</span> <span class='ocrx_word' id='word_1_154' title='bbox 633 2360 709 2422; x_wconf 93' lang='lat' dir='ltr'>Non</span> <span class='ocrx_word' id='word_1_155' title='bbox 726 2361 814 2442; x_wconf 88' lang='lat' dir='ltr'>prius</span> <span class='ocrx_word' id='word_1_156' title='bbox 832 2361 921 2422; x_wconf 84' lang='lat' dir='ltr'>Dens</span> <span class='ocrx_word' id='word_1_157' title='bbox 945 2359 980 2422; x_wconf 85' lang='lat' dir='ltr'>fit</span> <span class='ocrx_word' id='word_1_158' title='bbox 997 2361 1082 2422; x_wconf 84' lang='lat' dir='ltr'>ultor</span> <span class='ocrx_word' id='word_1_159' title='bbox 1102 2380 1203 2442; x_wconf 83' lang='lat' dir='ltr'>quam</span> 
     </span>
     <span class='ocr_line' id='line_1_21' title="bbox 246 2463 1205 2548; baseline 0.002 -24"><span class='ocrx_word' id='word_1_160' title='bbox 246 2463 360 2544; x_wconf 87' lang='lat' dir='ltr'>aliquis</span> <span class='ocrx_word' id='word_1_161' title='bbox 383 2464 423 2525; x_wconf 91' lang='lat' dir='ltr'>sit</span> <span class='ocrx_word' id='word_1_162' title='bbox 443 2475 611 2546; x_wconf 86' lang='lat' dir='ltr'>peccator;</span> <span class='ocrx_word' id='word_1_163' title='bbox 635 2468 692 2529; x_wconf 85' lang='lat' dir='ltr'>sed</span> <span class='ocrx_word' id='word_1_164' title='bbox 724 2467 908 2548; x_wconf 85' lang='lat' dir='ltr'>reprobatio</span> <span class='ocrx_word' id='word_1_165' title='bbox 940 2467 1005 2530; x_wconf 89' lang='lat' dir='ltr'>sive</span> <span class='ocrx_word' id='word_1_166' title='bbox 1037 2469 1205 2529; x_wconf 86' lang='lat' dir='ltr'>damnatio</span> 
     </span>
     <span class='ocr_line' id='line_1_22' title="bbox 248 2557 1311 2655; baseline 0.003 -24"><span class='ocrx_word' id='word_1_167' title='bbox 248 2590 313 2632; x_wconf 93' lang='lat' dir='ltr'>non</span> <span class='ocrx_word' id='word_1_168' title='bbox 336 2581 420 2633; x_wconf 87' lang='lat' dir='ltr'>esset</span> <span class='ocrx_word' id='word_1_169' title='bbox 440 2571 536 2652; x_wconf 86' lang='lat' dir='ltr'>justa,</span> <span class='ocrx_word' id='word_1_170' title='bbox 562 2574 621 2635; x_wconf 93' lang='lat' dir='ltr'>nisi</span> <span class='ocrx_word' id='word_1_171' title='bbox 644 2574 788 2636; x_wconf 88' lang='lat' dir='ltr'>subesset</span> <span class='ocrx_word' id='word_1_172' title='bbox 812 2595 927 2647; x_wconf 87' lang='lat' dir='ltr'>causa;</span> <span class='ocrx_word' id='word_1_173' title='bbox 951 2595 1031 2655; x_wconf 86' lang='lat' dir='ltr'>ergo</span> <span class='ocrx_word' id='word_1_174' title='bbox 1060 2575 1210 2654; x_wconf 74' lang='lat' dir='ltr'>reproba·</span> <span class='ocrx_word' id='word_1_175' title='bbox 1310 2557 1311 2620; x_wconf 68' lang='lat' dir='ltr'>i</span> 
     </span>
     <span class='ocr_line' id='line_1_23' title="bbox 247 2677 1208 2761; baseline 0.003 -23"><span class='ocrx_word' id='word_1_176' title='bbox 247 2677 343 2738; x_wconf 88' lang='lat' dir='ltr'>tionis</span> <span class='ocrx_word' id='word_1_177' title='bbox 365 2687 413 2738; x_wconf 88' lang='lat' dir='ltr'>est</span> <span class='ocrx_word' id='word_1_178' title='bbox 436 2679 544 2759; x_wconf 85' lang='lat' dir='ltr'>aliqua</span> <span class='ocrx_word' id='word_1_179' title='bbox 568 2701 674 2741; x_wconf 87' lang='lat' dir='ltr'>causa.</span> <span class='ocrx_word' id='word_1_180' title='bbox 699 2717 743 2727; x_wconf 92' lang='lat'><em>-</em></span> <span class='ocrx_word' id='word_1_181' title='bbox 766 2681 811 2743; x_wconf 88' lang='lat' dir='ltr'>Et</span> <span class='ocrx_word' id='word_1_182' title='bbox 834 2684 876 2743; x_wconf 86' lang='lat' dir='ltr'>ad</span> <span class='ocrx_word' id='word_1_183' title='bbox 900 2681 1093 2743; x_wconf 88' lang='lat' dir='ltr'>evidentiam</span> <span class='ocrx_word' id='word_1_184' title='bbox 1129 2701 1208 2761; x_wconf 82' lang='lat' dir='ltr'>prae-</span> 
     </span>
     <span class='ocr_line' id='line_1_24' title="bbox 248 2783 1210 2870; baseline 0.003 -26"><span class='ocrx_word' id='word_1_185' title='bbox 248 2783 409 2844; x_wconf 85' lang='lat' dir='ltr'>dictorum</span> <span class='ocrx_word' id='word_1_186' title='bbox 435 2795 526 2847; x_wconf 88' lang='lat' dir='ltr'>notat</span> <span class='ocrx_word' id='word_1_187' title='bbox 549 2787 638 2868; x_wconf 88' lang='lat' dir='ltr'>quod</span> <span class='ocrx_word' id='word_1_188' title='bbox 662 2788 694 2850; x_wconf 92' lang='lat' dir='ltr'>in</span> <span class='ocrx_word' id='word_1_189' title='bbox 713 2789 938 2869; x_wconf 86' lang='lat' dir='ltr'>reprobatione</span> <span class='ocrx_word' id='word_1_190' title='bbox 953 2797 986 2849; x_wconf 86' lang='lat' dir='ltr'>ct</span> <span class='ocrx_word' id='word_1_191' title='bbox 1002 2787 1210 2870; x_wconf 68' lang='lat' dir='ltr'>praedestina·</span> 
     </span>
     <span class='ocr_line' id='line_1_25' title="bbox 249 2889 1210 2976; baseline 0.005 -26"><span class='ocrx_word' id='word_1_192' title='bbox 249 2889 336 2952; x_wconf 85' lang='lat' dir='ltr'>tione</span> <span class='ocrx_word' id='word_1_193' title='bbox 360 2911 425 2952; x_wconf 92' lang='lat' dir='ltr'>non</span> <span class='ocrx_word' id='word_1_194' title='bbox 448 2901 496 2955; x_wconf 89' lang='lat' dir='ltr'>est</span> <span class='ocrx_word' id='word_1_195' title='bbox 520 2893 630 2955; x_wconf 90' lang='lat' dir='ltr'>similis</span> <span class='ocrx_word' id='word_1_196' title='bbox 654 2894 744 2968; x_wconf 90' lang='lat' dir='ltr'>ordo,</span> <span class='ocrx_word' id='word_1_197' title='bbox 769 2915 846 2956; x_wconf 90' lang='lat' dir='ltr'>nam</span> <span class='ocrx_word' id='word_1_198' title='bbox 871 2895 901 2956; x_wconf 94' lang='lat' dir='ltr'>in</span> <span class='ocrx_word' id='word_1_199' title='bbox 921 2895 1210 2976; x_wconf 65' lang='lat' dir='ltr'>prodestinntzonc</span> 
     </span>
     <span class='ocr_line' id='line_1_26' title="bbox 250 2996 1210 3081; baseline 0.004 -25"><span class='ocrx_word' id='word_1_200' title='bbox 250 2996 341 3058; x_wconf 86' lang='lat' dir='ltr'>Deus</span> <span class='ocrx_word' id='word_1_201' title='bbox 364 2998 470 3078; x_wconf 91' lang='lat' dir='ltr'>primo</span> <span class='ocrx_word' id='word_1_202' title='bbox 494 3000 574 3061; x_wconf 86' lang='lat' dir='ltr'>vidit</span> <span class='ocrx_word' id='word_1_203' title='bbox 598 3000 739 3074; x_wconf 87' lang='lat' dir='ltr'>Petrum,</span> <span class='ocrx_word' id='word_1_204' title='bbox 772 3001 803 3062; x_wconf 96' lang='lat' dir='ltr'>in</span> <span class='ocrx_word' id='word_1_205' title='bbox 835 3002 979 3064; x_wconf 88' lang='lat' dir='ltr'>secundo</span> <span class='ocrx_word' id='word_1_206' title='bbox 1010 3001 1104 3081; x_wconf 88' lang='lat' dir='ltr'>signo</span> <span class='ocrx_word' id='word_1_207' title='bbox 1141 3000 1210 3061; x_wconf 86' lang='lat' dir='ltr'>vult</span> 
     </span>
     <span class='ocr_line' id='line_1_27' title="bbox 249 3103 1206 3188; baseline 0.004 -24"><span class='ocrx_word' id='word_1_208' title='bbox 249 3103 308 3165; x_wconf 91' lang='lat' dir='ltr'>sibi</span> <span class='ocrx_word' id='word_1_209' title='bbox 332 3103 432 3166; x_wconf 86' lang='lat' dir='ltr'>vitam</span> <span class='ocrx_word' id='word_1_210' title='bbox 457 3114 623 3180; x_wconf 80' lang='lat' dir='ltr'>aeternam,</span> <span class='ocrx_word' id='word_1_211' title='bbox 649 3108 680 3168; x_wconf 95' lang='lat' dir='ltr'>in</span> <span class='ocrx_word' id='word_1_212' title='bbox 697 3108 791 3169; x_wconf 88' lang='lat' dir='ltr'>tertio</span> <span class='ocrx_word' id='word_1_213' title='bbox 807 3107 901 3188; x_wconf 83' lang='lat' dir='ltr'>signo</span> <span class='ocrx_word' id='word_1_214' title='bbox 917 3108 986 3169; x_wconf 86' lang='lat' dir='ltr'>vult</span> <span class='ocrx_word' id='word_1_215' title='bbox 1002 3107 1059 3168; x_wconf 92' lang='lat' dir='ltr'>sibi</span> <span class='ocrx_word' id='word_1_216' title='bbox 1077 3127 1115 3168; x_wconf 86' lang='lat' dir='ltr'>ea</span> <span class='ocrx_word' id='word_1_217' title='bbox 1131 3127 1206 3187; x_wconf 82' lang='lat' dir='ltr'>quae</span> 
     </span>
     <span class='ocr_line' id='line_1_28' title="bbox 162 3210 1211 3296; baseline 0.005 -27"><span class='ocrx_word' id='word_1_218' title='bbox 162 3230 165 3233; x_wconf 90' lang='lat'>·</span> <span class='ocrx_word' id='word_1_219' title='bbox 249 3217 324 3271; x_wconf 88' lang='lat' dir='ltr'>sunt</span> <span class='ocrx_word' id='word_1_220' title='bbox 348 3210 405 3271; x_wconf 92' lang='lat' dir='ltr'>sibi</span> <span class='ocrx_word' id='word_1_221' title='bbox 431 3213 607 3274; x_wconf 86' lang='lat' dir='ltr'>necessaria</span> <span class='ocrx_word' id='word_1_222' title='bbox 619 3214 661 3274; x_wconf 85' lang='lat' dir='ltr'>ad</span> <span class='ocrx_word' id='word_1_223' title='bbox 680 3211 742 3275; x_wconf 89' lang='lat' dir='ltr'>hoc</span> <span class='ocrx_word' id='word_1_224' title='bbox 758 3215 1022 3296; x_wconf 87' lang='lat' dir='ltr'>consequendum</span> <span class='ocrx_word' id='word_1_225' title='bbox 1040 3214 1124 3274; x_wconf 83' lang='lat' dir='ltr'>sicut</span> <span class='ocrx_word' id='word_1_226' title='bbox 1141 3233 1211 3293; x_wconf 85' lang='lat' dir='ltr'>gra-</span> 
     </span>
     <span class='ocr_line' id='line_1_29' title="bbox 248 3315 1206 3401; baseline 0.005 -26"><span class='ocrx_word' id='word_1_227' title='bbox 248 3315 295 3376; x_wconf 88' lang='lat' dir='ltr'>tia</span> <span class='ocrx_word' id='word_1_228' title='bbox 317 3325 350 3377; x_wconf 90' lang='lat' dir='ltr'>et</span> <span class='ocrx_word' id='word_1_229' title='bbox 373 3317 460 3379; x_wconf 92' lang='lat' dir='ltr'>bona</span> <span class='ocrx_word' id='word_1_230' title='bbox 483 3339 590 3400; x_wconf 89' lang='lat' dir='ltr'>opera.</span> <span class='ocrx_word' id='word_1_231' title='bbox 616 3321 652 3382; x_wconf 93' lang='lat' dir='ltr'>In</span> <span class='ocrx_word' id='word_1_232' title='bbox 676 3320 894 3401; x_wconf 73' lang='lat' dir='ltr'>reprobatione</span> <span class='ocrx_word' id='word_1_233' title='bbox 923 3330 971 3382; x_wconf 88' lang='lat' dir='ltr'>est</span> <span class='ocrx_word' id='word_1_234' title='bbox 1001 3320 1083 3381; x_wconf 88' lang='lat' dir='ltr'>alius</span> <span class='ocrx_word' id='word_1_235' title='bbox 1113 3319 1206 3392; x_wconf 86' lang='lat' dir='ltr'>ordo,</span> 
     </span>
     <span class='ocr_line' id='line_1_30' title="bbox 252 3422 1212 3509; baseline 0.005 -27"><span class='ocrx_word' id='word_1_236' title='bbox 252 3422 328 3503; x_wconf 87' lang='lat' dir='ltr'>quia</span> <span class='ocrx_word' id='word_1_237' title='bbox 352 3423 458 3504; x_wconf 90' lang='lat' dir='ltr'>primo</span> <span class='ocrx_word' id='word_1_238' title='bbox 474 3427 613 3488; x_wconf 85' lang='lat' dir='ltr'>occurrit</span> <span class='ocrx_word' id='word_1_239' title='bbox 637 3427 746 3507; x_wconf 79' lang='lat' dir='ltr'>JudaS,</span> <span class='ocrx_word' id='word_1_240' title='bbox 771 3428 962 3490; x_wconf 90' lang='lat' dir='ltr'>insecundo</span> <span class='ocrx_word' id='word_1_241' title='bbox 986 3427 1080 3509; x_wconf 84' lang='lat' dir='ltr'>signo</span> <span class='ocrx_word' id='word_1_242' title='bbox 1103 3425 1212 3488; x_wconf 89' lang='lat' dir='ltr'>viden-</span> 
     </span>
    </p>
   </div>
   <div class='ocr_carea' id='block_1_3' title="bbox 252 3530 1213 3714">
    <p class='ocr_par' dir='ltr' id='par_1_5' title="bbox 252 3530 1213 3714">
     <span class='ocr_line' id='line_1_31' title="bbox 252 3530 1213 3616; baseline 0.004 -27"><span class='ocrx_word' id='word_1_243' title='bbox 252 3537 305 3590; x_wconf 87' lang='lat' dir='ltr'>tur</span> <span class='ocrx_word' id='word_1_244' title='bbox 329 3530 415 3590; x_wconf 90' lang='lat' dir='ltr'>mala</span> <span class='ocrx_word' id='word_1_245' title='bbox 438 3552 537 3612; x_wconf 89' lang='lat' dir='ltr'>opera</span> <span class='ocrx_word' id='word_1_246' title='bbox 559 3532 639 3613; x_wconf 89' lang='lat' dir='ltr'>ejus,</span> <span class='ocrx_word' id='word_1_247' title='bbox 663 3533 696 3594; x_wconf 93' lang='lat' dir='ltr'>in</span> <span class='ocrx_word' id='word_1_248' title='bbox 727 3534 823 3596; x_wconf 87' lang='lat' dir='ltr'>tertio</span> <span class='ocrx_word' id='word_1_249' title='bbox 853 3532 947 3616; x_wconf 88' lang='lat' dir='ltr'>signo</span> <span class='ocrx_word' id='word_1_250' title='bbox 978 3533 1213 3595; x_wconf 84' lang='lat' dir='ltr'>determinatur</span> 
     </span>
     <span class='ocr_line' id='line_1_32' title="bbox 252 3633 645 3714; baseline 0.018 -21"><span class='ocrx_word' id='word_1_251' title='bbox 252 3633 296 3694; x_wconf 87' lang='lat' dir='ltr'>ad</span> <span class='ocrx_word' id='word_1_252' title='bbox 320 3654 454 3714; x_wconf 88' lang='lat' dir='ltr'>poenam</span> <span class='ocrx_word' id='word_1_253' title='bbox 478 3645 645 3699; x_wconf 86' lang='lat' dir='ltr'>aeternam.</span> 
     </span>
    </p>
   </div>
   <div class='ocr_carea' id='block_1_4' title="bbox 0 0 1371 4209">
    <p class='ocr_par' dir='ltr' id='par_1_6' title="bbox 0 0 1371 4209">
     <span class='ocr_line' id='line_1_33' title="bbox 0 0 1371 4209; baseline 0 0"><span class='ocrx_word' id='word_1_254' title='bbox 0 0 1371 4209; x_wconf 95' lang='lat' dir='ltr'> </span> 
     </span>
    </p>
   </div>
  </div>
 </body>
</html>
