2684 4209
238 237 281 301 9²
506 220 582 284 Lus.
607 219 621 282 Ι
645 217 939 284 Suntannnnuu
969 204 974 213 ’

213 434 275 489 ter:
300 423 350 488 vel
376 424 408 486 in
432 425 538 488 eadem
562 445 681 508 genere
709 433 746 486 ut
773 445 886 487 sensus
915 423 1116 506 particularis
1143 433 1178 486 et

211 552 324 595 sensus
356 532 550 605 communis,
578 531 628 593 vel
658 530 690 592 in
718 531 860 594 diversis
882 530 1067 613 generibus,
1098 528 1177 612 quia
1251 582 1254 585 .

212 660 277 702 una
300 638 416 712 activa,
442 639 565 720 reliqua
589 638 725 720 passiva,
750 638 800 700 vel
824 638 907 700 sicut
935 637 1100 719 cognitiva
1122 656 1176 699 su-

211 745 318 826 perior
342 754 375 806 et
399 744 538 819 inferior,
562 745 612 807 vel
637 745 720 808 sicut
743 745 908 827 cognitiva
930 754 963 807 et
986 743 1174 826 appetitiva.

211 851 327 914 Primo
350 853 452 924 mado,
481 852 563 914 sicut
587 851 733 933 potentia
756 850 885 913 inferior
908 860 957 913 est
980 851 1040 913 sub
1064 858 1176 932 poten-

206 959 255 1020 tia
279 958 445 1040 superiori,
467 959 511 1021 ita
535 959 702 1039 objectum
715 958 870 1039 potentiae
886 957 1041 1019 inferioris
1053 966 1101 1019 est
1114 957 1175 1019 sub

211 1065 341 1146 objecto
365 1067 523 1147 potentiae
544 1065 731 1147 superioris;
749 1064 904 1146 potentiae
929 1074 1039 1127 autem
1063 1063 1176 1125 subor-

211 1171 332 1234 dinatae
347 1174 484 1235 secundo
497 1173 598 1244 inodo,
615 1191 682 1233 non
695 1172 740 1233 sic
755 1191 789 1232 se
806 1170 936 1244 habent,
949 1171 1025 1252 quia
1041 1171 1175 1251 quando

207 1279 391 1360 appetitiva
414 1287 523 1361 potest
541 1279 659 1340 habere
675 1287 785 1340 actum
807 1277 891 1339 circa
911 1297 1009 1339 omne
1024 1277 1102 1338 illud
1118 1276 1175 1338 ubi

211 1394 321 1466 potest
338 1385 457 1448 habere
474 1395 584 1447 actum
602 1404 698 1447 suum
714 1384 889 1467 cognitiva,
906 1394 939 1447 et
954 1394 1032 1446 tunc
1053 1383 1176 1445 habent

210 1492 299 1554 idem
324 1512 385 1573 pro
411 1491 550 1572 objecto
576 1491 621 1553 Et
644 1491 721 1572 quia
749 1491 794 1553 sic
822 1513 856 1552 se
884 1490 1006 1553 habent
1033 1489 1175 1552 intellec-

211 1608 264 1660 tus
287 1608 319 1661 et
344 1599 505 1673 voluntas,
531 1599 604 1660 ideo
628 1598 750 1660 habent
774 1599 860 1659 idem
885 1596 1061 1677 objectum.

278 1706 337 1767 Ad
367 1706 546 1768 secundnm
581 1715 630 1767 est
666 1705 708 1766 ad
744 1704 944 1786 oppositum,
980 1704 1056 1785 quia
1088 1703 1175 1765 ratio

212 1812 336 1873 motiva
361 1813 519 1893 potentiae
549 1833 614 1874 non
643 1821 750 1893 potest
777 1833 847 1873 esse
874 1811 957 1872 ratio
985 1811 1174 1891 respectiva,

208 1919 267 1980 sed
291 1917 542 1981 fundamentum
568 1927 745 1999 respectus,
770 1919 888 1980 veritas
903 1927 1013 1979 autem
1030 1917 1109 1979 dicit
1129 1938 1176 1979 re-

207 2034 364 2106 spectum
389 2005 580 2097 formaliter,
606 2025 679 2086 idco
703 2046 768 2086 non
797 2032 906 2106 potest
933 2045 1001 2085 esse
1029 2023 1174 2104 primum

207 2129 376 2210 objectum
401 2131 590 2202 intellectus,
616 2131 673 2192 scd
696 2152 751 2192 ens
774 2131 916 2192 absolute
930 2140 1104 2211 sumptum.

282 2342 452 2427 Oararta
468 2344 620 2426 opinio
631 2347 699 2407 est
708 2341 841 2424 Seotr',
855 2343 944 2424 quod
959 2342 1101 2423 primum
1118 2344 1176 2404 ol>

203 2449 330 2528 jectum
361 2451 540 2512 intellectus
568 2470 611 2511 ex
641 2459 757 2511 natura
786 2449 942 2530 potentiae
970 2459 1019 2510 est
1045 2470 1101 2511 cas
1128 2449 1176 2524 in-

208 2566 369 2637 quantum
393 2577 459 2629 aas,
488 2557 564 2638 quia
595 2557 626 2618 in
657 2557 727 2636 ipso
762 2557 927 2618 concurrit
956 2557 1080 2638 duplex
1103 2557 1175 2638 pri·

207 2663 317 2734 rnz'tas,
335 2662 454 2725 scilicet
467 2663 709 2725 communitatis
718 2672 750 2724 et
764 2663 993 2727 virtualitatis.
1009 2665 1082 2726 Fiat
1093 2684 1174 2744 ergo

279 2765 312 2835 T
306 2767 382 2835 alis
405 2769 520 2836 talto:
545 2770 628 2832 Illud
652 2779 701 2830 est
725 2770 868 2851 primum
893 2770 1059 2851 objectum
1084 2770 1175 2831 intel-

208 2875 311 2937 lectus
344 2877 374 2937 in
407 2897 473 2956 quo
505 2876 668 2938 concurrit
693 2877 840 2956 primitas
868 2877 1113 2939 communitatis
1140 2885 1174 2939 et

208 2982 426 3056 virtualitatis3
452 2984 507 3043 sed
534 3003 591 3045 ens
616 2983 810 3063 inquantum
828 3004 886 3046 ens
902 2993 951 3046 est
968 2983 1172 3063 hujusmodi;

205 3108 318 3169 ergo...
344 3089 497 3151 Probatio
522 3089 670 3161 minaris,
700 3109 775 3150 nam
801 3111 899 3152 omne
923 3111 980 3170 per
1003 3111 1038 3151 sc
1057 3089 1173 3151 intelli-

207 3195 314 3276 gibile,
341 3206 398 3257 aut
422 3198 558 3259 includit
581 3197 798 3258 essentialiter
819 3198 981 3259 rationem
998 3197 1090 3269 entiS,
1115 3205 1173 3258 aut

207 3301 406 3375 virtualiter,
437 3325 512 3365 nam
541 3325 660 3384 genera
683 3313 716 3365 ct
739 3303 861 3384 species
883 3314 916 3365 et
945 3303 1112 3365 individua
1139 3313 1174 3365 et

203 3429 320 3470 omnes
344 3419 453 3498 partes
475 3411 659 3472 essentiales
684 3431 842 3492 generum
867 3419 900 3472 et
917 3430 974 3472 ens
991 3409 1172 3471 increatum

205 3514 375 3577 includunt
406 3535 474 3576 esse
508 3517 729 3596 quidditatiae
763 3527 795 3580 et
822 3517 1059 3589 essentialiter,⁸
1084 3515 1174 3578 diffe-

201 3621 318 3682 rentiae
342 3642 419 3683 vero
443 3622 566 3684 ultima:
591 3631 623 3684 et
648 3623 814 3703 passiones
844 3625 927 3686 entis
958 3624 1173 3686 includuntur
