2684 4209
370 197 558 259 D1sr1ucr.
583 198 630 261 XI
656 197 803 280 Qunsr.
827 200 857 262 11
1033 217 1093 282 197

147 410 187 464 et
208 402 234 464 si
259 422 379 475 unum,
403 422 483 484 ergo
506 402 730 465 indistinctum
757 403 790 465 in
813 424 847 467 se
870 412 903 466 et
926 404 1115 468 distinctum

147 509 196 571 ab
219 509 309 571 omni
332 508 403 571 alio.
429 509 545 572 Minor
568 509 735 591 probatur,
759 510 836 592 quia
860 510 962 573 Filius
995 521 1053 574 aut
1067 511 1116 596 fi-

151 616 288 678 liatione
310 624 358 678 est
381 614 474 690 filius,
499 626 556 678 aut
582 616 760 698 spiratione
782 616 918 691 activa,·
954 638 1020 681 non
1055 618 1117 701 spi-

149 722 277 784 ratione
299 723 414 796 activa,
438 722 515 803 quia
539 723 591 784 illa
613 732 661 785 est
685 723 870 785 communis
893 723 953 785 sibi
988 724 1049 805 ipsi
1083 734 1116 787 et

151 829 257 903 Patri;
281 848 361 911 ergo
385 828 486 891 Filius
509 828 662 892 filiatione
689 828 896 892 constituitur
920 829 952 892 in
976 850 1044 893 esse
1078 829 1115 893 fi-

151 935 227 998 liali.

221 1041 366 1105 Securtdo
389 1043 450 1104 sic:
476 1042 709 1106 Productiones
743 1043 860 1105 totales
898 1042 1020 1105 habent
1054 1053 1115 1107 ter-

152 1149 259 1211 minos
282 1150 397 1212 totales
420 1150 597 1223 distinctos
623 1150 700 1231 quia
723 1150 814 1212 aliter
838 1150 925 1211 idem
956 1150 1115 1213 terminus

150 1256 261 1319 totalis
285 1255 417 1318 haberet
440 1276 509 1317 esse
531 1277 551 1318 a
574 1256 703 1319 duabus
729 1256 999 1337 productionibus
1033 1266 1115 1319 tota-

151 1363 253 1439 libus;
289 1364 345 1425 sed
376 1363 542 1445 generatio
565 1372 598 1424 et
632 1362 765 1443 spiratio
795 1372 870 1424 sunt
906 1363 1113 1443 hujusmodi;

146 1490 232 1551 ergo
256 1490 321 1531 non
346 1478 422 1531 sunt
445 1469 487 1531 ad
511 1469 665 1531 eumdem
690 1469 867 1531 terminum
894 1470 1039 1531 totalem.

224 1576 328 1639 Tertio
363 1576 416 1637 sic:
450 1575 484 1638 Si
524 1574 662 1657 Spiritus
699 1575 839 1638 Sanctus
869 1576 1058 1657 procederet
1091 1598 1111 1639 a

152 1682 235 1744 Filio
258 1691 290 1745 et
313 1704 379 1745 non
403 1704 422 1744 a
446 1683 549 1755 Patre,
573 1681 683 1744 adhuc
709 1681 995 1763 distingueretura
1019 1683 1114 1745 Patre

150 1789 285 1863 realiter,
302 1790 378 1871 quia
402 1789 427 1851 si
450 1790 544 1851 detur
567 1789 767 1873 oppositum,
784 1808 860 1850 cum
877 1788 1016 1870 Spiritus
1032 1788 1113 1853 San-

146 1906 222 1959 ctus
245 1897 285 1959 sit
309 1898 487 1978 productus
510 1917 528 1957 a
554 1896 645 1969 Fili0‚
663 1896 757 1957 Pater
772 1906 856 1957 esset
872 1918 891 1957 a
916 1896 1008 1972 Filio;
1033 1915 1112 1979 ergo

145 2004 293 2067 similiter
316 2004 341 2065 si
365 2004 552 2085 procederet
575 2022 595 2065 a
618 2002 688 2065 solo
711 2003 806 2065 Patre
828 2012 861 2064 et
884 2023 950 2064 non
984 2024 1004 2065 a
1029 2002 1112 2067 Filio

144 2110 258 2173 adhuc
281 2107 530 2192 distingueretur
554 2131 573 2172 a
598 2110 680 2171 Filio
704 2109 837 2171 realiter.
854 2144 898 2156 -
915 2109 959 2171 Et
975 2109 1049 2172 ideo
1064 2120 1113 2173 est

149 2218 332 2279 notandum
367 2217 457 2297 quod
491 2216 599 2297 aliqua
632 2225 769 2297 possunt
803 2215 957 2297 distingui
988 2216 1113 2279 realiter

148 2324 200 2386 vel
225 2344 281 2405 per
304 2324 473 2386 relationes
496 2324 663 2406 oppositas
693 2322 744 2384 vel
768 2342 825 2404 per
860 2322 1029 2385 relationes
1065 2323 1112 2385 di-

143 2440 304 2512 sparatas
328 2440 361 2492 et
383 2440 461 2492 tunc
474 2428 558 2493 facta
582 2429 766 2511 hypothesi,
790 2429 909 2491 scilicet
925 2430 1015 2510 quod
1040 2427 1111 2511 Spi-

149 2538 230 2599 ritus
253 2536 392 2601 Sanctus
416 2557 482 2600 non
517 2538 705 2618 procederet
728 2558 748 2598 a
783 2536 874 2609 Filio,
900 2536 972 2597 licet
985 2556 1051 2597 non
1064 2536 1110 2598 di·

144 2645 389 2726 stinguerentur
412 2664 469 2726 per
493 2642 662 2706 relationes
677 2643 852 2725 oppositas,
877 2642 1112 2724 distingueren-

146 2761 202 2813 tur
224 2761 334 2813 tamen
359 2751 483 2813 realiter
517 2772 574 2832 per
598 2750 769 2812 relationes
789 2750 977 2831 disparatas.

217 2858 265 2921 Et
280 2856 409 2939 perduc
426 2858 625 2939 adprimitur
638 2857 768 2918 alterius
784 2856 954 2938 opinionis,
978 2856 1112 2937 quando

143 2965 265 3027 dicitur
288 2966 378 3047 quod
402 2974 458 3026 aut
483 2964 593 3027 relatio
624 2963 794 3045 distinguit
828 2964 1007 3025 secundum
1043 2982 1112 3025 esse

146 3082 206 3134 aut
222 3073 400 3134 secundum
424 3072 650 3153 quidditateni,
675 3070 805 3132 concedo
828 3070 918 3151 quod
941 3069 1111 3151 distinguit

149 3188 288 3259 utroque
313 3179 421 3240 modo.
454 3179 499 3241 Tu
523 3178 606 3240 dicis
630 3199 707 3251 non,
720 3179 796 3259 quia
819 3177 933 3239 transit
957 3177 988 3237 in
1004 3196 1111 3239 essen·

147 3286 246 3360 tiam;
269 3286 399 3347 concedo
422 3286 511 3366 quod
535 3286 648 3347 transit
672 3286 815 3357 realiter,
836 3285 893 3347 sed
917 3292 1027 3345 manet
1050 3282 1111 3345 for-

148 3392 284 3466 maliter,
308 3401 340 3454 et
363 3392 407 3453 sic
430 3392 600 3473 distinguit
624 3413 690 3454 non
713 3394 820 3454 solum
836 3414 855 3453 a
871 3391 1024 3453 relatione
1051 3411 1110 3473 op-

144 3500 263 3581 posita,
288 3500 344 3561 sed
367 3498 464 3560 etiam
489 3499 660 3580 disparata.

216 3606 274 3667 Ad
300 3606 474 3668 secundum
506 3626 591 3687 nego
625 3606 892 3687 consequentiam,
928 3605 1004 3686 quia
1034 3605 1113 3668 rela-
