2684 4209
340 198 529 262 DISTINCT.
554 197 621 261 XX
644 196 792 279 QuAEs‘r.
817 198 848 260 ΙΙ
1028 198 1089 262 261

148 423 216 465 non
239 412 288 466 est
310 403 528 486 omnipotens,
552 413 585 468 et
608 404 653 467 sic
679 403 779 466 Filius
803 423 869 466 non
892 411 940 466 est
963 403 1115 486 omnipo·

147 517 230 572 tens.
255 509 290 573 Si
312 510 457 573 secundo
479 511 591 586 modo,
616 531 696 593 ergo
713 530 779 573 non
795 518 920 592 spectat
943 509 986 572 ad
1010 509 1116 572 omni·

149 616 331 698 potentiam
354 617 467 680 Patris.

217 723 390 798 Praeterea,
414 725 595 787 secundum
619 723 758 788 Sanctos
781 723 896 786 eadem
934 731 983 786 est
1014 722 1117 786 omni·

147 830 296 913 potentia
320 850 457 893 numero
479 830 512 893 in
536 831 630 893 Patre
653 839 686 893 et
725 829 823 907 Filio;
862 829 919 892 sed
957 829 990 892 in
1030 827 1113 892 Filio

150 957 216 1000 non
239 946 288 999 est
311 937 457 1019 potentia
479 937 670 1019 generandi;
684 957 764 1019 ergo
777 936 921 1019 potentia
938 935 1113 1018 generandi

150 1063 217 1106 non
241 1043 328 1106 cadit
351 1044 412 1106 sub
436 1044 683 1126 omnipotentia.

217 1151 391 1225 Proeterea,
420 1151 566 1233 potentia
600 1149 729 1232 proprie
757 1150 844 1213 dicta
867 1158 915 1212 est
938 1169 1014 1231 quae
1050 1169 1116 1212 non

149 1266 201 1320 est
222 1256 264 1319 ad
288 1257 393 1333 aliud;
417 1257 474 1320 sed
497 1257 643 1339 potentia
666 1256 843 1339 generandi
878 1265 926 1318 est
949 1255 992 1318 ad
1015 1255 1113 1330 aliud,

149 1364 228 1446 quia
250 1363 292 1426 ad
316 1383 470 1446 generare
491 1373 524 1426 et
548 1363 715 1446 generatio
738 1372 786 1426 est
811 1363 937 1438 relatio;
959 1382 1058 1444 ergo..

179 1519 185 1528 .
211 1471 387 1543 Pratum,
404 1471 550 1553 potentia
562 1471 692 1552 proprie
701 1471 787 1533 dicta
794 1491 870 1552 quae
879 1470 965 1532 cadit
980 1469 1041 1532 sub
1050 1488 1120 1532 om·

151 1576 333 1659 nipotentia
354 1586 404 1639 est
426 1578 468 1640 ad
491 1577 669 1640 terminum
688 1577 875 1658 possibilem
900 1597 965 1640 non
990 1575 1032 1638 ad
1055 1583 1118 1638 ter-

151 1685 279 1747 minum
303 1684 531 1764 necessarimm
555 1685 612 1746 sed
636 1685 725 1747 nulla
761 1703 898 1766 persona
932 1683 1042 1746 divina
1065 1691 1114 1746 est

152 1790 321 1873 possibilis,
337 1791 441 1854 immo
457 1791 648 1870 necessaria3
665 1811 745 1873 ergo
769 1790 915 1874 potentia
943 1789 1119 1882 generandi

150 1918 228 1980 quae
251 1907 301 1960 est
323 1898 366 1960 ad
389 1918 562 1980 personam
587 1918 653 1960 non
677 1898 764 1960 cadit
787 1898 847 1960 sub
871 1896 1118 1979 omnipotentia.
1155 1967 1162 1984 ·

220 2004 276 2066 Ex
298 2005 359 2067 ista
387 2005 511 2067 ratione
541 2014 632 2086 patet
662 2004 705 2067 ad
745 2004 867 2066 motiva
905 2003 1119 2085 praecedentis
1151 2085 1153 2093 Ι

150 2111 327 2192 opinionis;
352 2131 428 2174 cum
452 2111 568 2174 dicitur
591 2113 681 2193 quod
705 2111 942 2193 omnipotentia
957 2119 1005 2173 est
1028 2110 1070 2172 ad
1086 2109 1121 2171 il·
1163 2137 1168 2150 ·

151 2217 209 2280 lud
232 2218 323 2299 quod
347 2238 412 2281 non
436 2218 572 2281 includit
594 2217 897 2292 contradictionem,
928 2216 1068 2292 concedo,
1093 2216 1118 2279 si

150 2323 212 2387 iste
235 2324 393 2387 terminus
416 2324 552 2386 includit
576 2325 858 2408 potentialitatem,
876 2323 966 2406 quod
990 2343 1055 2386 non
1071 2331 1120 2386 est

151 2431 186 2492 in
210 2431 379 2512 proposito
402 2451 479 2494 cum
503 2431 658 2512 quaelibet
681 2452 819 2514 persona
842 2431 883 2494 sit
905 2450 962 2494 ens
979 2450 1120 2493 necessa-

152 2536 249 2599 rium.
274 2537 320 2599 Et
342 2538 461 2600 eodem
485 2538 586 2600 modo
609 2538 683 2601 dico
707 2539 756 2601 ad
775 2539 961 2603 secundum.

222 2749 288 2816 De
311 2750 440 2817 terno
461 2749 663 2817 Artt‘eulo
683 2751 823 2815 occurrit
847 2772 950 2815 unum
973 2751 1120 2837 dubium,

153 2856 325 2939 quomodo
348 2858 500 2938 potentia·
518 2859 693 2940 generandi
717 2858 843 2921 dicatur
868 2859 1023 2940 potentia,
1044 2878 1120 2920 cum

153 2983 222 3026 non
237 2963 278 3025 sit
289 2973 437 3045 respectu
461 2964 596 3046 alicujus
620 2965 779 3047 possibilis
802 2965 983 3028 secundum
1007 2965 1122 3046 praed'i-

152 3077 216 3132 cta.
240 3105 284 3116 —
307 3069 367 3132 Ad
386 3069 445 3133 hoc
467 3070 677 3153 respondetur
698 3072 874 3154 tripliciter.
920 3071 991 3135 Uno
1031 3072 1122 3134 modo

153 3176 246 3259 quod
269 3177 310 3239 de
333 3178 452 3240 virtute
474 3178 632 3241 sermonis
655 3179 715 3241 ista
738 3199 805 3241 non
828 3189 876 3242 est
899 3198 989 3240 vera:
1007 3187 1122 3260 poten-

152 3283 201 3346 tia
224 3283 399 3364 generandi
423 3284 510 3347 cadit
532 3285 593 3348 sub
610 3284 864 3366 omnipotentia;
881 3295 930 3347 est
944 3293 1055 3348 tamen
1071 3305 1124 3347 ve

154 3410 192 3452 ra
214 3390 395 3452 secundum
412 3411 508 3452 usum
522 3392 675 3473 loquendi
691 3391 897 3455 Sanctorum.
914 3427 958 3440 -
976 3391 1121 3455 Secundo

155 3497 249 3559 modo
271 3497 345 3559 dico
368 3497 459 3579 quod
482 3498 628 3580 potentia
652 3498 751 3560 habet
767 3520 827 3580 pro
850 3498 1041 3561 correlativo
1051 3508 1122 3580 pos-

150 3603 250 3666 sibile
274 3612 309 3666 ut
332 3604 509 3685 opponitur
533 3605 730 3680 necessario,·
755 3606 812 3668 sed
835 3605 986 3688 possibile
1017 3614 1125 3688 potest
