<?xml version="1.0" encoding="UTF-8"?>
<!DOCTYPE html PUBLIC "-//W3C//DTD XHTML 1.0 Transitional//EN"
    "http://www.w3.org/TR/xhtml1/DTD/xhtml1-transitional.dtd">
<html xmlns="http://www.w3.org/1999/xhtml" xml:lang="en" lang="en">
 <head>
  <title>
</title>
<meta http-equiv="Content-Type" content="text/html;charset=utf-8" />
  <meta name='ocr-system' content='tesseract 3.04.00' />
  <meta name='ocr-capabilities' content='ocr_page ocr_carea ocr_par ocr_line ocrx_word'/>
</head>
<body>
  <div class='ocr_page' id='page_1' title='image "./commentariainli01scotgoog_0366.png"; bbox 0 0 2684 4209; ppageno 0'>
   <div class='ocr_carea' id='block_1_1' title="bbox 260 208 957 288">
    <p class='ocr_par' dir='ltr' id='par_1_1' title="bbox 260 208 957 288">
     <span class='ocr_line' id='line_1_1' title="bbox 260 208 957 288; baseline -0.006 -17"><span class='ocrx_word' id='word_1_1' title='bbox 260 222 324 288; x_wconf 84' lang='lat'>350</span> <span class='ocrx_word' id='word_1_2' title='bbox 524 208 598 269; x_wconf 84' lang='lat' dir='ltr'>Lm.</span> <span class='ocrx_word' id='word_1_3' title='bbox 623 208 638 269; x_wconf 90' lang='grc' dir='ltr'>Ι</span> <span class='ocrx_word' id='word_1_4' title='bbox 662 208 957 271; x_wconf 78' lang='lat' dir='ltr'><strong>SENTENTIARUM</strong></span> 
     </span>
    </p>
   </div>
   <div class='ocr_carea' id='block_1_2' title="bbox 226 410 1196 602">
    <p class='ocr_par' dir='ltr' id='par_1_2' title="bbox 226 410 1196 602">
     <span class='ocr_line' id='line_1_2' title="bbox 226 410 1196 495; baseline -0.005 -19"><span class='ocrx_word' id='word_1_5' title='bbox 226 422 286 476; x_wconf 86' lang='lat' dir='ltr'>tur</span> <span class='ocrx_word' id='word_1_6' title='bbox 310 412 466 495; x_wconf 85' lang='lat' dir='ltr'>potentiae</span> <span class='ocrx_word' id='word_1_7' title='bbox 489 413 557 475; x_wconf 91' lang='lat' dir='ltr'>sine</span> <span class='ocrx_word' id='word_1_8' title='bbox 570 412 839 494; x_wconf 81' lang='lat' dir='ltr'>multiplicatione</span> <span class='ocrx_word' id='word_1_9' title='bbox 858 410 1017 483; x_wconf 83' lang='lat' dir='ltr'>essentiae,</span> <span class='ocrx_word' id='word_1_10' title='bbox 1038 420 1071 472; x_wconf 91' lang='lat' dir='ltr'>et</span> <span class='ocrx_word' id='word_1_11' title='bbox 1084 420 1196 473; x_wconf 89' lang='lat' dir='ltr'>tamen</span> 
     </span>
     <span class='ocr_line' id='line_1_3' title="bbox 233 517 1196 602; baseline -0.004 -20"><span class='ocrx_word' id='word_1_12' title='bbox 233 520 389 602; x_wconf 86' lang='lat' dir='ltr'>potentiae</span> <span class='ocrx_word' id='word_1_13' title='bbox 413 528 490 581; x_wconf 92' lang='lat' dir='ltr'>sunt</span> <span class='ocrx_word' id='word_1_14' title='bbox 512 520 600 581; x_wconf 91' lang='lat' dir='ltr'>idem</span> <span class='ocrx_word' id='word_1_15' title='bbox 623 519 714 600; x_wconf 92' lang='lat' dir='ltr'>quod</span> <span class='ocrx_word' id='word_1_16' title='bbox 737 518 875 580; x_wconf 84' lang='lat' dir='ltr'>essentia</span> <span class='ocrx_word' id='word_1_17' title='bbox 897 518 1028 601; x_wconf 80' lang='lat' dir='ltr'>animae,</span> <span class='ocrx_word' id='word_1_18' title='bbox 1041 517 1114 579; x_wconf 89' lang='lat' dir='ltr'>licet</span> <span class='ocrx_word' id='word_1_19' title='bbox 1131 537 1196 579; x_wconf 91' lang='lat' dir='ltr'>non</span> 
     </span>
    </p>
   </div>
   <div class='ocr_carea' id='block_1_3' title="bbox 224 622 1202 2092">
    <p class='ocr_par' dir='ltr' id='par_1_3' title="bbox 226 622 1201 1133">
     <span class='ocr_line' id='line_1_4' title="bbox 232 622 1198 714; baseline -0.002 -25"><span class='ocrx_word' id='word_1_20' title='bbox 232 626 374 689; x_wconf 88' lang='lat' dir='ltr'>totaliter</span> <span class='ocrx_word' id='word_1_21' title='bbox 398 647 454 707; x_wconf 90' lang='lat' dir='ltr'>per</span> <span class='ocrx_word' id='word_1_22' title='bbox 479 625 707 707; x_wconf 85' lang='lat' dir='ltr'>Augustinum</span> <span class='ocrx_word' id='word_1_23' title='bbox 733 643 784 708; x_wconf 73' lang='lat'>14.</span> <span class='ocrx_word' id='word_1_24' title='bbox 808 624 849 685; x_wconf 82' lang='lat' dir='ltr'>de</span> <span class='ocrx_word' id='word_1_25' title='bbox 867 624 968 714; x_wconf 80' lang='grc' dir='ltr'>ΙΤνίη.</span> <span class='ocrx_word' id='word_1_26' title='bbox 992 644 1018 685; x_wconf 88' lang='lat' dir='ltr'>c.</span> <span class='ocrx_word' id='word_1_27' title='bbox 1042 622 1075 686; x_wconf 79' lang='lat'>8.</span> <span class='ocrx_word' id='word_1_28' title='bbox 1091 660 1138 671; x_wconf 93' lang='lat'>-</span> <span class='ocrx_word' id='word_1_29' title='bbox 1155 624 1198 687; x_wconf 89' lang='lat' dir='ltr'>Et</span> 
     </span>
     <span class='ocr_line' id='line_1_5' title="bbox 230 731 1200 814; baseline -0.004 -19"><span class='ocrx_word' id='word_1_30' title='bbox 230 733 352 795; x_wconf 89' lang='lat' dir='ltr'>eodem</span> <span class='ocrx_word' id='word_1_31' title='bbox 362 733 462 795; x_wconf 93' lang='lat' dir='ltr'>modo</span> <span class='ocrx_word' id='word_1_32' title='bbox 471 732 544 793; x_wconf 90' lang='lat' dir='ltr'>dico</span> <span class='ocrx_word' id='word_1_33' title='bbox 553 733 595 793; x_wconf 89' lang='lat' dir='ltr'>ad</span> <span class='ocrx_word' id='word_1_34' title='bbox 609 752 723 793; x_wconf 91' lang='lat' dir='ltr'>omnes</span> <span class='ocrx_word' id='word_1_35' title='bbox 732 733 870 814; x_wconf 80' lang='lat' dir='ltr'>majores</span> <span class='ocrx_word' id='word_1_36' title='bbox 878 732 1024 812; x_wconf 90' lang='lat' dir='ltr'>quinque</span> <span class='ocrx_word' id='word_1_37' title='bbox 1036 731 1200 793; x_wconf 90' lang='lat' dir='ltr'>rationum</span> 
     </span>
     <span class='ocr_line' id='line_1_6' title="bbox 226 837 1201 921; baseline -0.004 -20"><span class='ocrx_word' id='word_1_38' title='bbox 226 860 309 921; x_wconf 79' lang='lat' dir='ltr'>quae</span> <span class='ocrx_word' id='word_1_39' title='bbox 332 849 526 921; x_wconf 75' lang='lat' dir='ltr'>sequuntur,</span> <span class='ocrx_word' id='word_1_40' title='bbox 552 838 639 900; x_wconf 89' lang='lat' dir='ltr'>idem</span> <span class='ocrx_word' id='word_1_41' title='bbox 663 838 751 901; x_wconf 90' lang='lat' dir='ltr'>enim</span> <span class='ocrx_word' id='word_1_42' title='bbox 775 858 841 900; x_wconf 95' lang='lat' dir='ltr'>non</span> <span class='ocrx_word' id='word_1_43' title='bbox 865 847 914 899; x_wconf 90' lang='lat' dir='ltr'>est</span> <span class='ocrx_word' id='word_1_44' title='bbox 930 837 1056 899; x_wconf 86' lang='lat' dir='ltr'>realiter</span> <span class='ocrx_word' id='word_1_45' title='bbox 1071 838 1102 899; x_wconf 93' lang='lat' dir='ltr'>in</span> <span class='ocrx_word' id='word_1_46' title='bbox 1117 838 1201 919; x_wconf 89' lang='lat' dir='ltr'>seip-</span> 
     </span>
     <span class='ocr_line' id='line_1_7' title="bbox 233 943 1198 1026; baseline -0.001 -18"><span class='ocrx_word' id='word_1_47' title='bbox 233 966 271 1009; x_wconf 91' lang='lat' dir='ltr'>so</span> <span class='ocrx_word' id='word_1_48' title='bbox 295 946 354 1008; x_wconf 90' lang='lat' dir='ltr'>nisi</span> <span class='ocrx_word' id='word_1_49' title='bbox 377 945 417 1007; x_wconf 91' lang='lat' dir='ltr'>sit</span> <span class='ocrx_word' id='word_1_50' title='bbox 439 945 557 1026; x_wconf 85' lang='lat' dir='ltr'>aliqua</span> <span class='ocrx_word' id='word_1_51' title='bbox 571 944 735 1006; x_wconf 90' lang='lat' dir='ltr'>distinctio</span> <span class='ocrx_word' id='word_1_52' title='bbox 758 943 946 1006; x_wconf 83' lang='lat' dir='ltr'>formaliter.</span> <span class='ocrx_word' id='word_1_53' title='bbox 978 944 1022 1005; x_wconf 90' lang='lat' dir='ltr'>Et</span> <span class='ocrx_word' id='word_1_54' title='bbox 1053 944 1198 1007; x_wconf 88' lang='lat' dir='ltr'>similiter</span> 
     </span>
     <span class='ocr_line' id='line_1_8' title="bbox 227 1050 1198 1133; baseline -0.005 -18"><span class='ocrx_word' id='word_1_55' title='bbox 227 1054 275 1115; x_wconf 89' lang='lat' dir='ltr'>de</span> <span class='ocrx_word' id='word_1_56' title='bbox 298 1051 493 1133; x_wconf 84' lang='lat' dir='ltr'>perfectione</span> <span class='ocrx_word' id='word_1_57' title='bbox 516 1051 712 1133; x_wconf 87' lang='lat' dir='ltr'>simpliciter,</span> <span class='ocrx_word' id='word_1_58' title='bbox 737 1061 770 1113; x_wconf 91' lang='lat' dir='ltr'>et</span> <span class='ocrx_word' id='word_1_59' title='bbox 793 1050 834 1113; x_wconf 90' lang='lat' dir='ltr'>de</span> <span class='ocrx_word' id='word_1_60' title='bbox 859 1050 993 1124; x_wconf 87' lang='lat' dir='ltr'>infinito,</span> <span class='ocrx_word' id='word_1_61' title='bbox 1019 1051 1104 1113; x_wconf 91' lang='lat' dir='ltr'>etde</span> <span class='ocrx_word' id='word_1_62' title='bbox 1119 1051 1198 1111; x_wconf 90' lang='lat' dir='ltr'>aliis.</span> 
     </span>
    </p>

    <p class='ocr_par' dir='ltr' id='par_1_4' title="bbox 224 1157 1202 1667">
     <span class='ocr_line' id='line_1_9' title="bbox 302 1157 1202 1241; baseline -0.001 -21"><span class='ocrx_word' id='word_1_63' title='bbox 302 1160 361 1220; x_wconf 77' lang='lat' dir='ltr'>Ad</span> <span class='ocrx_word' id='word_1_64' title='bbox 371 1168 568 1241; x_wconf 82' lang='lat' dir='ltr'>argumenta</span> <span class='ocrx_word' id='word_1_65' title='bbox 591 1158 744 1220; x_wconf 84' lang='lat' dir='ltr'>secundae</span> <span class='ocrx_word' id='word_1_66' title='bbox 760 1157 921 1239; x_wconf 86' lang='lat' dir='ltr'>opinionis</span> <span class='ocrx_word' id='word_1_67' title='bbox 934 1177 994 1238; x_wconf 91' lang='lat' dir='ltr'>pro</span> <span class='ocrx_word' id='word_1_68' title='bbox 1019 1174 1048 1219; x_wconf 88' lang='lat'>2.</span> <span class='ocrx_word' id='word_1_69' title='bbox 1066 1159 1140 1219; x_wconf 83' lang='lat' dir='ltr'>Art.</span> <span class='ocrx_word' id='word_1_70' title='bbox 1158 1193 1202 1205; x_wconf 93' lang='grc'>-</span> 
     </span>
     <span class='ocr_line' id='line_1_10' title="bbox 235 1264 1201 1347; baseline -0.002 -20"><span class='ocrx_word' id='word_1_71' title='bbox 235 1266 294 1328; x_wconf 82' lang='lat' dir='ltr'>Ad</span> <span class='ocrx_word' id='word_1_72' title='bbox 296 1266 446 1347; x_wconf 83' lang='lat' dir='ltr'>primum</span> <span class='ocrx_word' id='word_1_73' title='bbox 469 1265 543 1327; x_wconf 92' lang='lat' dir='ltr'>dico</span> <span class='ocrx_word' id='word_1_74' title='bbox 567 1266 656 1346; x_wconf 95' lang='lat' dir='ltr'>quod</span> <span class='ocrx_word' id='word_1_75' title='bbox 682 1264 858 1345; x_wconf 88' lang='lat' dir='ltr'>paternitas</span> <span class='ocrx_word' id='word_1_76' title='bbox 883 1285 949 1326; x_wconf 95' lang='lat' dir='ltr'>non</span> <span class='ocrx_word' id='word_1_77' title='bbox 973 1274 1021 1326; x_wconf 90' lang='lat' dir='ltr'>est</span> <span class='ocrx_word' id='word_1_78' title='bbox 1037 1275 1201 1339; x_wconf 87' lang='lat' dir='ltr'>creatura;</span> 
     </span>
     <span class='ocr_line' id='line_1_11' title="bbox 229 1360 1201 1453; baseline -0.002 -18"><span class='ocrx_word' id='word_1_79' title='bbox 229 1382 367 1435; x_wconf 81' lang='lat' dir='ltr'>etcum</span> <span class='ocrx_word' id='word_1_80' title='bbox 391 1372 556 1453; x_wconf 83' lang='lat' dir='ltr'>insertur:</span> <span class='ocrx_word' id='word_1_81' title='bbox 580 1392 659 1453; x_wconf 83' lang='lat' dir='ltr'>ergo</span> <span class='ocrx_word' id='word_1_82' title='bbox 680 1360 739 1434; x_wconf 89' lang='lat' dir='ltr'>erit</span> <span class='ocrx_word' id='word_1_83' title='bbox 766 1370 903 1433; x_wconf 86' lang='lat' dir='ltr'>essentia</span> <span class='ocrx_word' id='word_1_84' title='bbox 927 1371 1046 1445; x_wconf 87' lang='lat' dir='ltr'>divina,</span> <span class='ocrx_word' id='word_1_85' title='bbox 1070 1372 1201 1435; x_wconf 84' lang='lat' dir='ltr'>concedo</span> 
     </span>
     <span class='ocr_line' id='line_1_12' title="bbox 237 1475 1199 1561; baseline 0.002 -22"><span class='ocrx_word' id='word_1_86' title='bbox 237 1500 293 1561; x_wconf 90' lang='lat' dir='ltr'>per</span> <span class='ocrx_word' id='word_1_87' title='bbox 309 1479 511 1541; x_wconf 88' lang='lat' dir='ltr'>identitatem</span> <span class='ocrx_word' id='word_1_88' title='bbox 535 1476 663 1551; x_wconf 88' lang='lat' dir='ltr'>realem,</span> <span class='ocrx_word' id='word_1_89' title='bbox 689 1478 745 1539; x_wconf 88' lang='lat' dir='ltr'>sed</span> <span class='ocrx_word' id='word_1_90' title='bbox 770 1498 849 1559; x_wconf 81' lang='lat' dir='ltr'>nego</span> <span class='ocrx_word' id='word_1_91' title='bbox 872 1475 1049 1540; x_wconf 85' lang='lat' dir='ltr'>formaliter</span> <span class='ocrx_word' id='word_1_92' title='bbox 1066 1488 1099 1540; x_wconf 90' lang='lat' dir='ltr'>et</span> <span class='ocrx_word' id='word_1_93' title='bbox 1115 1479 1199 1541; x_wconf 80' lang='lat' dir='ltr'>adae·</span> 
     </span>
     <span class='ocr_line' id='line_1_13' title="bbox 224 1594 348 1667; baseline 0 -20"><span class='ocrx_word' id='word_1_94' title='bbox 224 1594 348 1667; x_wconf 37' lang='lat' dir='ltr'>*quate</span> 
     </span>
    </p>

    <p class='ocr_par' dir='ltr' id='par_1_5' title="bbox 228 1684 1201 1880">
     <span class='ocr_line' id='line_1_14' title="bbox 305 1684 1201 1770; baseline -0.002 -16"><span class='ocrx_word' id='word_1_95' title='bbox 305 1692 364 1754; x_wconf 79' lang='lat' dir='ltr'>Ad</span> <span class='ocrx_word' id='word_1_96' title='bbox 382 1691 568 1770; x_wconf 85' lang='lat' dir='ltr'>secundum,</span> <span class='ocrx_word' id='word_1_97' title='bbox 597 1712 673 1753; x_wconf 91' lang='lat' dir='ltr'>cum</span> <span class='ocrx_word' id='word_1_98' title='bbox 706 1684 822 1752; x_wconf 91' lang='lat' dir='ltr'>dicitur</span> <span class='ocrx_word' id='word_1_99' title='bbox 853 1711 903 1752; x_wconf 90' lang='lat' dir='ltr'>res</span> <span class='ocrx_word' id='word_1_100' title='bbox 933 1701 967 1753; x_wconf 93' lang='lat' dir='ltr'>et</span> <span class='ocrx_word' id='word_1_101' title='bbox 997 1712 1047 1753; x_wconf 89' lang='lat' dir='ltr'>res</span> <span class='ocrx_word' id='word_1_102' title='bbox 1079 1690 1201 1754; x_wconf 90' lang='lat' dir='ltr'>faciunt</span> 
     </span>
     <span class='ocr_line' id='line_1_15' title="bbox 228 1797 1115 1880; baseline -0.002 -19"><span class='ocrx_word' id='word_1_103' title='bbox 228 1799 517 1879; x_wconf 87' lang='lat' dir='ltr'>-compositionem,</span> <span class='ocrx_word' id='word_1_104' title='bbox 543 1807 632 1880; x_wconf 91' lang='lat' dir='ltr'>patet</span> <span class='ocrx_word' id='word_1_105' title='bbox 655 1818 698 1859; x_wconf 89' lang='lat' dir='ltr'>ex</span> <span class='ocrx_word' id='word_1_106' title='bbox 722 1797 816 1859; x_wconf 91' lang='lat' dir='ltr'>dictis</span> <span class='ocrx_word' id='word_1_107' title='bbox 840 1797 875 1859; x_wconf 79' lang='lat' dir='ltr'>in</span> <span class='ocrx_word' id='word_1_108' title='bbox 891 1798 964 1880; x_wconf 84' lang='lat' dir='ltr'>fine</span> <span class='ocrx_word' id='word_1_109' title='bbox 982 1816 1017 1877; x_wconf 75' lang='lat' dir='ltr'>j.</span> <span class='ocrx_word' id='word_1_110' title='bbox 1042 1800 1115 1861; x_wconf 77' lang='lat' dir='ltr'>Art.</span> 
     </span>
    </p>

    <p class='ocr_par' dir='ltr' id='par_1_6' title="bbox 239 1904 1201 2092">
     <span class='ocr_line' id='line_1_16' title="bbox 304 1904 1200 1985; baseline 0.001 -19"><span class='ocrx_word' id='word_1_111' title='bbox 304 1906 362 1967; x_wconf 76' lang='lat' dir='ltr'>Ad</span> <span class='ocrx_word' id='word_1_112' title='bbox 381 1905 523 1977; x_wconf 78' lang='lat' dir='ltr'>tertium,</span> <span class='ocrx_word' id='word_1_113' title='bbox 552 1925 627 1966; x_wconf 90' lang='lat' dir='ltr'>cum</span> <span class='ocrx_word' id='word_1_114' title='bbox 659 1904 776 1966; x_wconf 91' lang='lat' dir='ltr'>dicitur</span> <span class='ocrx_word' id='word_1_115' title='bbox 809 1905 899 1985; x_wconf 94' lang='lat' dir='ltr'>quod</span> <span class='ocrx_word' id='word_1_116' title='bbox 931 1904 1110 1985; x_wconf 88' lang='lat' dir='ltr'>proprietas</span> <span class='ocrx_word' id='word_1_117' title='bbox 1133 1926 1200 1968; x_wconf 91' lang='lat' dir='ltr'>non</span> 
     </span>
     <span class='ocr_line' id='line_1_17' title="bbox 239 2010 1201 2092; baseline 0 -19"><span class='ocrx_word' id='word_1_118' title='bbox 239 2012 369 2073; x_wconf 85' lang='lat' dir='ltr'>excedit</span> <span class='ocrx_word' id='word_1_119' title='bbox 392 2033 488 2074; x_wconf 90' lang='lat' dir='ltr'>suum</span> <span class='ocrx_word' id='word_1_120' title='bbox 512 2011 707 2092; x_wconf 90' lang='lat' dir='ltr'>subjectum,</span> <span class='ocrx_word' id='word_1_121' title='bbox 731 2011 871 2073; x_wconf 74' lang='lat' dir='ltr'>concedo.</span> <span class='ocrx_word' id='word_1_122' title='bbox 897 2010 983 2074; x_wconf 87' lang='lat' dir='ltr'>Cum</span> <span class='ocrx_word' id='word_1_123' title='bbox 1006 2022 1117 2073; x_wconf 90' lang='lat' dir='ltr'>autem</span> <span class='ocrx_word' id='word_1_124' title='bbox 1148 2012 1201 2074; x_wconf 91' lang='lat' dir='ltr'>ad-</span> 
     </span>
    </p>
   </div>
   <div class='ocr_carea' id='block_1_4' title="bbox 240 2117 1312 2200">
    <p class='ocr_par' dir='ltr' id='par_1_7' title="bbox 240 2117 1312 2200">
     <span class='ocr_line' id='line_1_18' title="bbox 240 2117 1312 2200; baseline 0.002 -21"><span class='ocrx_word' id='word_1_125' title='bbox 240 2118 326 2180; x_wconf 91' lang='lat' dir='ltr'>ditur</span> <span class='ocrx_word' id='word_1_126' title='bbox 349 2117 439 2199; x_wconf 92' lang='lat' dir='ltr'>quod</span> <span class='ocrx_word' id='word_1_127' title='bbox 462 2138 519 2179; x_wconf 91' lang='lat' dir='ltr'>ens</span> <span class='ocrx_word' id='word_1_128' title='bbox 543 2117 753 2200; x_wconf 86' lang='lat' dir='ltr'>distinguitur</span> <span class='ocrx_word' id='word_1_129' title='bbox 777 2138 833 2199; x_wconf 88' lang='lat' dir='ltr'>per</span> <span class='ocrx_word' id='word_1_130' title='bbox 856 2138 914 2179; x_wconf 91' lang='lat' dir='ltr'>ens</span> <span class='ocrx_word' id='word_1_131' title='bbox 930 2119 1014 2180; x_wconf 89' lang='lat' dir='ltr'>reale</span> <span class='ocrx_word' id='word_1_132' title='bbox 1030 2127 1063 2180; x_wconf 90' lang='lat' dir='ltr'>et</span> <span class='ocrx_word' id='word_1_133' title='bbox 1083 2139 1139 2180; x_wconf 92' lang='lat' dir='ltr'>ens</span> <span class='ocrx_word' id='word_1_134' title='bbox 1156 2140 1200 2181; x_wconf 86' lang='lat' dir='ltr'>ra·</span> <span class='ocrx_word' id='word_1_135' title='bbox 1311 2123 1312 2147; x_wconf 66' lang='lat'>¹</span> 
     </span>
    </p>
   </div>
   <div class='ocr_carea' id='block_1_5' title="bbox 226 2222 1203 3693">
    <p class='ocr_par' dir='ltr' id='par_1_8' title="bbox 229 2222 1200 2625">
     <span class='ocr_line' id='line_1_19' title="bbox 235 2222 1199 2305; baseline 0 -20"><span class='ocrx_word' id='word_1_136' title='bbox 235 2224 342 2298; x_wconf 88' lang='lat' dir='ltr'>tionis,</span> <span class='ocrx_word' id='word_1_137' title='bbox 367 2225 437 2286; x_wconf 84' lang='lat' dir='ltr'>dico</span> <span class='ocrx_word' id='word_1_138' title='bbox 460 2225 550 2305; x_wconf 91' lang='lat' dir='ltr'>quod</span> <span class='ocrx_word' id='word_1_139' title='bbox 567 2225 706 2286; x_wconf 87' lang='lat' dir='ltr'>alterum</span> <span class='ocrx_word' id='word_1_140' title='bbox 732 2224 917 2285; x_wconf 90' lang='lat' dir='ltr'>membrum</span> <span class='ocrx_word' id='word_1_141' title='bbox 943 2222 1041 2287; x_wconf 84' lang='lat' dir='ltr'>habet</span> <span class='ocrx_word' id='word_1_142' title='bbox 1059 2225 1199 2287; x_wconf 88' lang='lat' dir='ltr'>latitudi-</span> 
     </span>
     <span class='ocr_line' id='line_1_20' title="bbox 236 2330 1200 2412; baseline 0.003 -20"><span class='ocrx_word' id='word_1_143' title='bbox 236 2350 321 2403; x_wconf 92' lang='lat' dir='ltr'>nem,</span> <span class='ocrx_word' id='word_1_144' title='bbox 346 2330 422 2412; x_wconf 90' lang='lat' dir='ltr'>quia</span> <span class='ocrx_word' id='word_1_145' title='bbox 445 2350 502 2392; x_wconf 88' lang='lat' dir='ltr'>ens</span> <span class='ocrx_word' id='word_1_146' title='bbox 525 2332 609 2392; x_wconf 89' lang='lat' dir='ltr'>reale</span> <span class='ocrx_word' id='word_1_147' title='bbox 631 2332 722 2412; x_wconf 92' lang='lat' dir='ltr'>quod</span> <span class='ocrx_word' id='word_1_148' title='bbox 745 2340 794 2392; x_wconf 91' lang='lat' dir='ltr'>est</span> <span class='ocrx_word' id='word_1_149' title='bbox 806 2351 863 2393; x_wconf 88' lang='lat' dir='ltr'>ens</span> <span class='ocrx_word' id='word_1_150' title='bbox 875 2340 969 2393; x_wconf 86' lang='lat' dir='ltr'>extra</span> <span class='ocrx_word' id='word_1_151' title='bbox 981 2332 1128 2393; x_wconf 86' lang='lat' dir='ltr'>animam</span> <span class='ocrx_word' id='word_1_152' title='bbox 1151 2353 1200 2395; x_wconf 91' lang='lat' dir='ltr'>ac·</span> 
     </span>
     <span class='ocr_line' id='line_1_21' title="bbox 229 2435 1200 2519; baseline 0.002 -22"><span class='ocrx_word' id='word_1_153' title='bbox 229 2436 353 2517; x_wconf 86' lang='lat' dir='ltr'>¹cipitur</span> <span class='ocrx_word' id='word_1_154' title='bbox 378 2458 437 2519; x_wconf 92' lang='lat' dir='ltr'>pro</span> <span class='ocrx_word' id='word_1_155' title='bbox 461 2458 494 2499; x_wconf 87' lang='lat' dir='ltr'>re</span> <span class='ocrx_word' id='word_1_156' title='bbox 517 2435 753 2499; x_wconf 91' lang='lat' dir='ltr'>fundamentali</span> <span class='ocrx_word' id='word_1_157' title='bbox 785 2448 817 2500; x_wconf 90' lang='lat' dir='ltr'>et</span> <span class='ocrx_word' id='word_1_158' title='bbox 849 2457 908 2519; x_wconf 93' lang='lat' dir='ltr'>pro</span> <span class='ocrx_word' id='word_1_159' title='bbox 940 2438 1041 2499; x_wconf 91' lang='lat' dir='ltr'>modo</span> <span class='ocrx_word' id='word_1_160' title='bbox 1076 2437 1200 2501; x_wconf 88' lang='lat' dir='ltr'>formali</span> 
     </span>
     <span class='ocr_line' id='line_1_22' title="bbox 239 2542 814 2625; baseline 0.005 -20"><span class='ocrx_word' id='word_1_161' title='bbox 239 2543 331 2617; x_wconf 74' lang='lat' dir='ltr'>entis</span> <span class='ocrx_word' id='word_1_162' title='bbox 357 2554 393 2605; x_wconf 90' lang='lat' dir='ltr'>ut</span> <span class='ocrx_word' id='word_1_163' title='bbox 417 2544 523 2625; x_wconf 92' lang='lat' dir='ltr'>patuit</span> <span class='ocrx_word' id='word_1_164' title='bbox 546 2564 644 2624; x_wconf 90' lang='lat' dir='ltr'>supra</span> <span class='ocrx_word' id='word_1_165' title='bbox 668 2544 756 2606; x_wconf 84' lang='lat' dir='ltr'>Dist.</span> <span class='ocrx_word' id='word_1_166' title='bbox 780 2542 814 2609; x_wconf 77' lang='lat'>8.</span> 
     </span>
    </p>

    <p class='ocr_par' dir='ltr' id='par_1_9' title="bbox 226 2650 1201 3158">
     <span class='ocr_line' id='line_1_23' title="bbox 302 2650 1199 2732; baseline 0.002 -21"><span class='ocrx_word' id='word_1_167' title='bbox 302 2650 361 2712; x_wconf 76' lang='lat' dir='ltr'>Ad</span> <span class='ocrx_word' id='word_1_168' title='bbox 372 2659 536 2732; x_wconf 75' lang='lat' dir='ltr'>quartum,</span> <span class='ocrx_word' id='word_1_169' title='bbox 561 2671 636 2712; x_wconf 92' lang='lat' dir='ltr'>curn</span> <span class='ocrx_word' id='word_1_170' title='bbox 661 2650 778 2712; x_wconf 91' lang='lat' dir='ltr'>dicitur</span> <span class='ocrx_word' id='word_1_171' title='bbox 801 2651 892 2731; x_wconf 94' lang='lat' dir='ltr'>quod</span> <span class='ocrx_word' id='word_1_172' title='bbox 914 2651 1095 2732; x_wconf 87' lang='lat' dir='ltr'>proprietas</span> <span class='ocrx_word' id='word_1_173' title='bbox 1112 2672 1199 2714; x_wconf 89' lang='lat' dir='ltr'>com·</span> 
     </span>
     <span class='ocr_line' id='line_1_24' title="bbox 236 2755 1199 2839; baseline 0.003 -21"><span class='ocrx_word' id='word_1_174' title='bbox 236 2767 349 2838; x_wconf 87' lang='lat' dir='ltr'>parata</span> <span class='ocrx_word' id='word_1_175' title='bbox 383 2758 423 2818; x_wconf 91' lang='lat' dir='ltr'>ad</span> <span class='ocrx_word' id='word_1_176' title='bbox 458 2757 630 2818; x_wconf 88' lang='lat' dir='ltr'>essentiam</span> <span class='ocrx_word' id='word_1_177' title='bbox 665 2766 795 2818; x_wconf 90' lang='lat' dir='ltr'>tantum</span> <span class='ocrx_word' id='word_1_178' title='bbox 830 2755 1049 2839; x_wconf 84' lang='lat' dir='ltr'>distinguatur</span> <span class='ocrx_word' id='word_1_179' title='bbox 1086 2759 1129 2820; x_wconf 91' lang='lat' dir='ltr'>ab</span> <span class='ocrx_word' id='word_1_180' title='bbox 1163 2778 1199 2821; x_wconf 89' lang='lat' dir='ltr'>ea</span> 
     </span>
     <span class='ocr_line' id='line_1_25' title="bbox 228 2862 1197 2945; baseline 0.002 -20"><span class='ocrx_word' id='word_1_181' title='bbox 228 2873 396 2944; x_wconf 88' lang='lat' dir='ltr'>quantum</span> <span class='ocrx_word' id='word_1_182' title='bbox 419 2864 630 2945; x_wconf 87' lang='lat' dir='ltr'>distinguitur</span> <span class='ocrx_word' id='word_1_183' title='bbox 653 2864 695 2925; x_wconf 93' lang='lat' dir='ltr'>ab</span> <span class='ocrx_word' id='word_1_184' title='bbox 708 2864 870 2945; x_wconf 91' lang='lat' dir='ltr'>opposit0,</span> <span class='ocrx_word' id='word_1_185' title='bbox 883 2862 954 2925; x_wconf 81' lang='lat' dir='ltr'>dico</span> <span class='ocrx_word' id='word_1_186' title='bbox 967 2864 1060 2945; x_wconf 90' lang='lat' dir='ltr'>quod</span> <span class='ocrx_word' id='word_1_187' title='bbox 1080 2863 1197 2927; x_wconf 89' lang='lat' dir='ltr'>falsum</span> 
     </span>
     <span class='ocr_line' id='line_1_26' title="bbox 226 2969 1201 3052; baseline 0.002 -21"><span class='ocrx_word' id='word_1_188' title='bbox 226 2980 292 3043; x_wconf 89' lang='lat' dir='ltr'>-est,</span> <span class='ocrx_word' id='word_1_189' title='bbox 317 2970 373 3031; x_wconf 91' lang='lat' dir='ltr'>sed</span> <span class='ocrx_word' id='word_1_190' title='bbox 396 2970 604 3052; x_wconf 84' lang='lat' dir='ltr'>distinguitur</span> <span class='ocrx_word' id='word_1_191' title='bbox 617 2969 700 3031; x_wconf 92' lang='lat' dir='ltr'>sicut</span> <span class='ocrx_word' id='word_1_192' title='bbox 716 2970 896 3051; x_wconf 89' lang='lat' dir='ltr'>proprietas</span> <span class='ocrx_word' id='word_1_193' title='bbox 914 2970 1052 3032; x_wconf 90' lang='lat' dir='ltr'>modalis</span> <span class='ocrx_word' id='word_1_194' title='bbox 1076 2979 1108 3033; x_wconf 89' lang='lat' dir='ltr'>et</span> <span class='ocrx_word' id='word_1_195' title='bbox 1132 2992 1201 3033; x_wconf 90' lang='lat' dir='ltr'>mo·</span> 
     </span>
     <span class='ocr_line' id='line_1_27' title="bbox 237 3075 1200 3158; baseline 0.001 -20"><span class='ocrx_word' id='word_1_196' title='bbox 237 3075 567 3139; x_wconf 87' lang='lat' dir='ltr'>dusafundamento.</span> <span class='ocrx_word' id='word_1_197' title='bbox 585 3112 630 3124; x_wconf 91' lang='lat'>-</span> <span class='ocrx_word' id='word_1_198' title='bbox 646 3076 691 3138; x_wconf 90' lang='lat' dir='ltr'>Et</span> <span class='ocrx_word' id='word_1_199' title='bbox 707 3077 822 3138; x_wconf 90' lang='lat' dir='ltr'>eodem</span> <span class='ocrx_word' id='word_1_200' title='bbox 848 3077 948 3138; x_wconf 94' lang='lat' dir='ltr'>modo</span> <span class='ocrx_word' id='word_1_201' title='bbox 971 3077 1020 3138; x_wconf 81' lang='lat' dir='ltr'>ad</span> <span class='ocrx_word' id='word_1_202' title='bbox 1036 3078 1200 3158; x_wconf 82' lang='lat' dir='ltr'>quintum.</span> 
     </span>
    </p>

    <p class='ocr_par' dir='ltr' id='par_1_10' title="bbox 230 3183 1203 3693">
     <span class='ocr_line' id='line_1_28' title="bbox 304 3183 1201 3265; baseline 0.006 -21"><span class='ocrx_word' id='word_1_203' title='bbox 304 3183 363 3245; x_wconf 78' lang='lat' dir='ltr'>Ad</span> <span class='ocrx_word' id='word_1_204' title='bbox 374 3195 501 3245; x_wconf 74' lang='lat' dir='ltr'>sextum</span> <span class='ocrx_word' id='word_1_205' title='bbox 525 3193 635 3245; x_wconf 88' lang='lat' dir='ltr'>autem</span> <span class='ocrx_word' id='word_1_206' title='bbox 660 3183 733 3245; x_wconf 92' lang='lat' dir='ltr'>dico</span> <span class='ocrx_word' id='word_1_207' title='bbox 757 3185 846 3265; x_wconf 95' lang='lat' dir='ltr'>quod</span> <span class='ocrx_word' id='word_1_208' title='bbox 863 3184 924 3245; x_wconf 90' lang='lat' dir='ltr'>ista</span> <span class='ocrx_word' id='word_1_209' title='bbox 939 3185 1122 3265; x_wconf 90' lang='lat' dir='ltr'>propositio</span> <span class='ocrx_word' id='word_1_210' title='bbox 1136 3206 1201 3249; x_wconf 90' lang='lat' dir='ltr'>non</span> 
     </span>
     <span class='ocr_line' id='line_1_29' title="bbox 230 3289 1202 3373; baseline 0.004 -22"><span class='ocrx_word' id='word_1_211' title='bbox 230 3299 287 3351; x_wconf 84' lang='lat' dir='ltr'>est</span> <span class='ocrx_word' id='word_1_212' title='bbox 309 3299 422 3352; x_wconf 90' lang='lat' dir='ltr'>contra</span> <span class='ocrx_word' id='word_1_213' title='bbox 445 3289 655 3363; x_wconf 82' lang='lat' dir='ltr'>Decretalem,</span> <span class='ocrx_word' id='word_1_214' title='bbox 680 3290 757 3372; x_wconf 91' lang='lat' dir='ltr'>quia</span> <span class='ocrx_word' id='word_1_215' title='bbox 781 3290 846 3352; x_wconf 83' lang='lat' dir='ltr'>non</span> <span class='ocrx_word' id='word_1_216' title='bbox 871 3309 959 3371; x_wconf 91' lang='lat' dir='ltr'>pono</span> <span class='ocrx_word' id='word_1_217' title='bbox 983 3290 1027 3352; x_wconf 90' lang='lat' dir='ltr'>ibi</span> <span class='ocrx_word' id='word_1_218' title='bbox 1058 3300 1202 3373; x_wconf 88' lang='lat' dir='ltr'>quatuor</span> 
     </span>
     <span class='ocr_line' id='line_1_30' title="bbox 239 3395 1202 3479; baseline 0.004 -22"><span class='ocrx_word' id='word_1_219' title='bbox 239 3416 289 3457; x_wconf 89' lang='lat' dir='ltr'>res</span> <span class='ocrx_word' id='word_1_220' title='bbox 312 3396 421 3470; x_wconf 89' lang='lat' dir='ltr'>reales,</span> <span class='ocrx_word' id='word_1_221' title='bbox 445 3398 500 3459; x_wconf 91' lang='lat' dir='ltr'>sed</span> <span class='ocrx_word' id='word_1_222' title='bbox 525 3417 613 3479; x_wconf 90' lang='lat' dir='ltr'>pono</span> <span class='ocrx_word' id='word_1_223' title='bbox 637 3417 737 3460; x_wconf 88' lang='lat' dir='ltr'>unam</span> <span class='ocrx_word' id='word_1_224' title='bbox 762 3416 830 3459; x_wconf 92' lang='lat' dir='ltr'>rem</span> <span class='ocrx_word' id='word_1_225' title='bbox 863 3395 1143 3460; x_wconf 87' lang='lat' dir='ltr'>fundamentalem</span> <span class='ocrx_word' id='word_1_226' title='bbox 1168 3399 1202 3461; x_wconf 88' lang='lat' dir='ltr'>in</span> 
     </span>
     <span class='ocr_line' id='line_1_31' title="bbox 238 3503 1201 3585; baseline 0.003 -21"><span class='ocrx_word' id='word_1_227' title='bbox 238 3522 305 3583; x_wconf 88' lang='lat' dir='ltr'>qua</span> <span class='ocrx_word' id='word_1_228' title='bbox 328 3511 403 3565; x_wconf 90' lang='lat' dir='ltr'>sunt</span> <span class='ocrx_word' id='word_1_229' title='bbox 437 3512 501 3565; x_wconf 87' lang='lat' dir='ltr'>tres</span> <span class='ocrx_word' id='word_1_230' title='bbox 534 3503 748 3585; x_wconf 90' lang='lat' dir='ltr'>proprietates</span> <span class='ocrx_word' id='word_1_231' title='bbox 782 3504 1000 3566; x_wconf 86' lang='lat' dir='ltr'>constitutivae</span> <span class='ocrx_word' id='word_1_232' title='bbox 1025 3524 1102 3567; x_wconf 91' lang='lat' dir='ltr'>cum</span> <span class='ocrx_word' id='word_1_233' title='bbox 1134 3524 1201 3567; x_wconf 91' lang='lat' dir='ltr'>non</span> 
     </span>
     <span class='ocr_line' id='line_1_32' title="bbox 240 3608 1203 3693; baseline 0.005 -23"><span class='ocrx_word' id='word_1_234' title='bbox 240 3609 407 3672; x_wconf 88' lang='lat' dir='ltr'>identitate</span> <span class='ocrx_word' id='word_1_235' title='bbox 430 3608 566 3685; x_wconf 86' lang='lat' dir='ltr'>formali,</span> <span class='ocrx_word' id='word_1_236' title='bbox 592 3631 651 3673; x_wconf 88' lang='lat' dir='ltr'>nec</span> <span class='ocrx_word' id='word_1_237' title='bbox 675 3612 748 3673; x_wconf 91' lang='lat' dir='ltr'>ideo</span> <span class='ocrx_word' id='word_1_238' title='bbox 772 3610 916 3693; x_wconf 89' lang='lat' dir='ltr'>sequitur</span> <span class='ocrx_word' id='word_1_239' title='bbox 938 3631 1028 3673; x_wconf 86' lang='lat' dir='ltr'>error</span> <span class='ocrx_word' id='word_1_240' title='bbox 1052 3610 1203 3692; x_wconf 88' lang='lat' dir='ltr'>Joachim</span> 
     </span>
    </p>
   </div>
   <div class='ocr_carea' id='block_1_6' title="bbox 0 0 1353 4209">
    <p class='ocr_par' dir='ltr' id='par_1_11' title="bbox 0 0 1353 4209">
     <span class='ocr_line' id='line_1_33' title="bbox 0 0 1353 4209; baseline 0 0"><span class='ocrx_word' id='word_1_241' title='bbox 0 0 1353 4209; x_wconf 95' lang='lat' dir='ltr'> </span> 
     </span>
    </p>
   </div>
  </div>
 </body>
</html>
