2684 4209
418 322 579 384 Pnonoo.
605 319 752 403 Qunsr.
777 322 822 385 ΙΙΙ
1060 340 1102 403 39

155 524 274 588 notitia
297 534 346 588 est
369 526 519 608 practica,
544 547 618 607 quae
642 526 896 609 aptitudinaliter
920 538 969 589 est
992 527 1120 590 confor-

157 634 220 695 mis
243 632 389 695 volitioni
413 642 519 706 rectae,
543 644 575 695 et
598 643 646 695 est
671 634 857 696 naturaliter
873 634 960 714 prior
983 655 1035 707 ca;
1065 635 1121 696 sed

155 739 340 821 Theologia
364 741 615 803 necessariorum
641 742 671 802 in
698 741 860 803 intellectu
885 750 994 803 creato
1010 752 1058 803 est
1075 742 1119 802 sic

156 845 335 909 conformis
359 847 443 909 actui
467 848 643 909 voluntatis
666 858 782 909 creata:
800 857 831 909 et
854 857 960 920 recta,
982 858 1014 909 et
1036 848 1121 928 prior

153 974 209 1028 eo;
234 974 313 1035 ergo
336 964 396 1015 etc.
421 955 536 1035 Major
558 963 646 1035 patet
669 975 712 1015 ex
735 954 830 1016 dictis
854 955 889 1015 in
915 973 943 1016 1.
961 966 991 1016 ct
1002 973 1035 1033 5.
1054 956 1116 1015 Ar-

155 1060 208 1121 tic.
234 1060 350 1121 Minor
373 1060 541 1142 probatur:
568 1081 644 1122 nam
670 1061 814 1141 primum
833 1060 1001 1141 objectum
1019 1061 1123 1122 Theo

156 1167 252 1248 logiae
277 1167 452 1229 virtualiter
475 1176 523 1228 est
544 1166 716 1229 conforme
740 1168 883 1229 volitioni
909 1179 1015 1239 rectae,
1045 1170 1121 1249 quia

156 1295 174 1335 a
199 1274 323 1335 ratione
346 1274 424 1354 ejus,
453 1273 572 1335 scilicet
600 1274 728 1353 objecti,
758 1285 931 1335 sumuntur
960 1274 1116 1356 principia

157 1380 356 1443 rectitudinis
380 1381 489 1462 praxis
513 1380 544 1441 in
562 1380 729 1452 volitionc;
755 1380 861 1462 ipsum
886 1382 982 1442 etiam
1007 1381 1114 1461 objec-

155 1498 226 1550 tum
252 1488 445 1550 determinat
469 1488 666 1549 intellectum
691 1488 897 1549 aduotitiam
921 1487 1121 1549 rectitudinis

155 1594 267 1676 praxis
291 1594 400 1675 quoad
424 1594 532 1656 omnia
557 1593 741 1675 theologica
766 1594 941 1655 neccssaria
957 1594 1045 1675 prius
1063 1615 1117 1654 na-

158 1701 303 1763 turaliter
326 1722 426 1781 quarn
450 1701 557 1783 aliqua
582 1701 732 1762 voluntas
755 1711 861 1763 creata
886 1701 972 1762 velit.

227 1802 402 1874 Secundo
419 1804 624 1891 Conclusio,
638 1808 728 1889 quod
740 1807 921 1889 Theologia
937 1808 1123 1889 contingen-

155 1916 239 1977 tium
264 1915 299 1976 io
322 1936 355 1976 so
377 1924 425 1976 est
448 1914 654 1995 speculativa.
684 1914 855 1976 Probotr'o:
886 1913 1004 1976 Omnis
1042 1916 1122 1976 noti-

155 2023 200 2111 tia
222 2042 299 2103 quae
323 2042 388 2083 non
418 2020 515 2083 habet
545 2042 587 2083 ex
619 2022 749 2101 objecto
780 2019 1041 2082 conformitatem
1075 2022 1117 2082 ad

156 2128 286 2210 praxim
310 2136 384 2189 ante
400 2148 532 2189 omnem
549 2138 659 2189 actum
677 2128 851 2189 voluntatis
869 2149 933 2189 non
957 2137 1005 2189 est
1027 2149 1115 2209 prac-

153 2236 231 2309 tica;
256 2235 312 2297 sed
336 2234 515 2316 Theologia
538 2234 795 2315 contingemimn
820 2236 855 2296 io
879 2256 911 2296 se
934 2244 982 2296 est
1004 2234 1117 2315 hujus-

156 2342 263 2415 modi;
288 2362 367 2423 ergo
390 2352 449 2402 etc.
476 2341 626 2403 Probatio
651 2341 801 2403 minoris:
832 2364 907 2403 narn
939 2362 1013 2403 cum
1039 2363 1115 2403 con-

154 2448 314 2530 tingentia
348 2459 423 2510 ante
458 2448 659 2535 voluntatem
696 2450 908 2510 determinate
944 2469 1008 2509 uon
1046 2449 1118 2516 sint.

155 2576 221 2617 non
251 2564 404 2637 poterunt
435 2556 575 2637 aliquam
609 2555 911 2618 determinationem
944 2555 1054 2636 praxis
1083 2576 1117 2616 o-

154 2662 316 2724 stendere.

225 2764 347 2835 Tertia
374 2764 579 2851 Conclusio,
604 2769 695 2850 quod
722 2768 902 2850 Tlreologia
926 2768 1114 2849 contingen-

153 2876 238 2938 tium
252 2876 287 2937 iu
301 2875 462 2937 intellecto
475 2887 578 2938 creato
590 2886 638 2937 est
652 2876 802 2957 practica,
821 2876 876 2937 sed
884 2886 945 2955 per
956 2875 1113 2937 (irridens.

157 2982 278 3045 Probo:
305 2982 360 3044 Illa
384 2983 527 3064 cognitio
543 3004 617 3063 quae
644 2983 741 3044 habet
757 2983 922 3063 objectum
941 2982 1118 3043 virtualiter

150 3089 322 3152 continens
338 3089 562 3151 rectitudinem
582 3090 691 3171 praxis
704 3101 750 3151 est
765 3090 919 3170 practica;
939 3089 994 3150 sed
1007 3087 1114 3149 Theo-

151 3196 240 3278 logia
263 3196 522 3277 contingentium
548 3196 578 3258 in
612 3197 772 3259 intellectu
798 3207 907 3259 creato
936 3205 984 3257 est
1006 3195 1121 3276 hujus-

156 3303 261 3377 modi;
286 3324 375 3384 ergo,
400 3312 460 3365 etc.

221 3408 289 3471 Sed
309 3411 448 3472 oscorrz't
471 3410 522 3472 hic
540 3431 641 3472 unum
660 3411 809 3483 dubium,
827 3410 902 3491 quia
919 3410 1015 3472 tertio
1044 3407 1121 3472 Corr-

150 3516 255 3578 clusio
278 3537 344 3578 non
369 3517 494 3579 videtur
519 3538 612 3597 posse
636 3528 719 3579 stare
749 3538 824 3578 cum
852 3518 1003 3587 scruudo,
1037 3537 1111 3578 narn

148 3622 243 3704 quod
273 3622 304 3685 in
336 3642 370 3685 se
400 3634 446 3685 est
478 3624 714 3705 speculativum
748 3623 824 3685 nulli
848 3632 897 3685 est
926 3624 1118 3704 practicum

151 3730 231 3811 quia
262 3730 497 3811 speculativum
533 3740 565 3792 et
601 3731 779 3811 practicum
817 3738 1013 3810 repugnant.
1051 3728 1115 3790 Sed
