2684 4209
353 315 540 379 Drsrurcr.
565 317 595 379 11
620 316 766 399 QuAEsr.
791 317 806 380 Ι
1037 329 1075 396 53

130 521 291 583 terminos
312 521 552 603 propositionis
576 522 652 604 quia
684 521 841 603 principia
870 520 1100 603 cognoscimus

132 628 329 709 inquantum
349 629 505 691 terminos
525 628 754 710 cognoscimus
770 649 812 689 ex
831 646 861 690 1.
877 628 964 691 Post.
979 627 1101 689 Exclu-

132 734 220 796 ditur
243 743 353 796 autem
370 755 577 817 quaecunque
598 735 679 796 ratio
697 754 772 815 quae
796 744 844 797 est
868 742 962 797 extra
985 754 1042 815 per
1065 754 1100 797 se

130 851 330 922 conceptum
354 842 567 903 terminorum
600 841 828 923 propositionis
859 861 973 922 perse
999 850 1097 902 notae.

133 948 179 1009 Et
211 947 255 1009 sic
286 948 465 1029 propositio
488 968 545 1029 per
568 968 602 1009 se
625 957 703 1009 nota
727 947 843 1009 dicitur
866 946 919 1008 illa
949 967 1025 1028 quae
1055 967 1098 1009 ex

132 1054 272 1135 propriis
304 1054 447 1117 terminis
471 1054 570 1117 habet
592 1054 775 1116 evidentem
800 1054 978 1115 veritatem.

203 1161 263 1221 Est
286 1162 479 1235 notandum,
503 1162 593 1243 quod
622 1161 654 1222 in
687 1159 962 1242 propositionibus
985 1180 1042 1241 per
1064 1180 1105 1240 se,

132 1268 219 1329 notis
242 1268 322 1329 alius
338 1277 520 1349 conceptus
535 1268 731 1349 importatur
747 1288 805 1349 per
820 1266 1050 1349 definitionem,
1068 1288 1099 1328 a·

132 1372 193 1436 lius
217 1383 394 1455 conceptus
419 1374 615 1455 importatur
639 1394 695 1455 per
711 1373 897 1456 defim'tum;
914 1373 1004 1455 quod
1027 1394 1099 1453 pro

133 1482 241 1543 batur.

200 1588 316 1649 Primo
339 1588 397 1649 sic:
424 1586 604 1668 Quodquid
632 1596 680 1647 est
714 1587 844 1648 alterius
866 1586 1014 1661 extremi,
1031 1587 1098 1649 sive

131 1693 279 1755 definitio
303 1704 351 1755 est
376 1693 520 1756 medium
545 1693 577 1755 in
602 1694 878 1755 demonstratione
893 1714 934 1755 ex
957 1712 987 1755 τ.
1008 1694 1096 1755 Post.

132 1800 206 1862 Aut
237 1800 336 1881 igitur
359 1810 535 1881 conceptus
566 1800 768 1882 definitionis
798 1810 846 1861 est
869 1800 949 1860 alius
979 1821 999 1861 a
1023 1819 1098 1861 con-

131 1916 229 1988 ceptu
247 1906 412 1989 definibili
433 1917 465 1969 et
490 1906 627 1968 habetur
651 1906 870 1987 propositum:
894 1914 1043 1978 autnon,
1065 1915 1096 1968 et
1136 1888 1145 1903 ⁰

131 2023 211 2075 tunc
236 2014 267 2074 in
305 2014 582 2075 demonstratione
605 2012 775 2093 potissima
796 2013 855 2073 erit
873 2012 987 2092 petitio
1003 2012 1097 2092 prin-

128 2120 220 2201 cipii,
246 2120 322 2201 quia
346 2120 513 2201 praemissa
537 2138 603 2181 non
627 2118 733 2181 diflert
756 2140 775 2180 a
798 2118 1013 2181 conclusione.

198 2227 378 2289 Proeterca:
412 2211 620 2324 Impossibile
650 2235 698 2287 est
721 2227 874 2287 eumdem
899 2236 1096 2307 conceptum

130 2354 200 2395 esse
223 2334 364 2414 priorem
388 2343 421 2394 et
444 2334 665 2414 posteriorem,
690 2342 722 2394 et
749 2333 858 2394 haberi
882 2343 914 2394 et
945 2353 1010 2395 non
1043 2332 1098 2395 ha-

130 2440 197 2502 beri
222 2440 264 2501 de
287 2440 401 2501 eadem
426 2460 473 2513 re,
505 2440 562 2501 sed
594 2439 682 2500 idem
704 2439 821 2526 r[potest
852 2439 941 2520 prius
963 2440 1099 2525 ¹concipi

132 2556 168 2607 ut
198 2545 394 2627 exprimitur
424 2566 481 2627 per
514 2566 638 2619 nomen,
663 2555 695 2607 et
727 2567 790 2607 noir
820 2546 946 2626 concipi
976 2555 1011 2608 ut
1042 2567 1097 2607 ex·

132 2653 282 2733 primitur
306 2672 363 2733 per
385 2652 621 2734 definitionem;
650 2673 730 2734 ergo
750 2653 831 2713 alius
851 2663 899 2713 est
919 2662 1097 2733 conceptus

129 2778 304 2841 expressus
328 2779 384 2839 per
408 2778 539 2833 nomen,
563 2768 595 2821 et
619 2759 700 2820 alius
728 2742 901 2840 expressus
932 2779 990 2840 per
1021 2760 1097 2821 defi-

131 2866 324 2927 nitionem-
355 2863 580 2948 Confirmatur
602 2886 658 2947 per
683 2865 921 2947 Philosophum
947 2866 1095 2947 1.Plzys.

130 2972 305 3045 dicentem,
329 2974 420 3053 quod
445 2974 578 3035 nomina
607 2973 792 3063 subsistunt
808 2973 849 3033 ad
874 2971 1095 3037 definitionem

129 3080 312 3142 secundum
348 3080 437 3160 quod
476 3088 583 3141 totum
616 3060 657 3141 ad
689 3088 809 3160 partes;
843 3080 886 3140 ita
917 3080 1006 3160 quod
1042 3102 1097 3143 no

132 3206 207 3249 men
237 3194 286 3248 est
321 3186 409 3267 prius
445 3195 561 3248 notum
596 3186 792 3259 definitione,
824 3195 856 3247 et
887 3206 1008 3248 nomen
1039 3187 1097 3249 im·

130 3302 241 3374 portat
278 3292 400 3373 aliquid
431 3291 574 3366 confuse,
606 3292 748 3355 delinitio
771 3304 882 3354 eutem
906 3294 1027 3374 aliquid
1052 3295 1098 3356 di-

129 3400 256 3473 stincte,
280 3399 363 3461 sicut
386 3398 607 3481 exemplificat
631 3400 750 3461 ibidem
775 3400 815 3461 de
827 3400 948 3462 circulo
971 3409 1003 3461 et
1026 3400 1096 3481 ejus

129 3505 328 3568 definitione.

198 3613 257 3675 Ex
280 3610 334 3674 leis
355 3613 503 3694 sequitur
523 3613 692 3675 corollaria
715 3615 805 3696 quod
830 3614 993 3676 distinctio
1009 3614 1097 3676 Tho-
