2684 4209
216 249 278 310 218
476 246 551 313 Lm.
576 248 590 309 Ι
615 246 908 311 Suurnurmnuu

193 472 302 534 aquo
325 452 421 513 datus
444 451 484 513 sit
509 451 617 525 Filius,
643 452 823 514 ostenditur
847 453 943 514 datus
966 451 1071 533 gratia
1086 451 1166 513 Tri-

193 558 310 631 nitatis,
337 568 372 620 ut
395 558 492 620 etiam
518 558 619 620 Filius
642 559 711 639 ipse
733 558 859 621 dederit
889 578 932 621 se.
966 558 1047 619 Haec
1071 557 1158 619 Am-

194 666 328 727 brosius.
363 664 396 729 Si
428 674 537 727 autem
572 664 673 726 Filius
703 686 723 726 a
754 686 787 727 se
818 666 914 727 datus
944 674 1002 748 est,
1034 685 1112 747 ergo
1136 686 1165 726 a.

193 772 298 853 seipso
323 772 438 833 missus
461 780 519 845 est,
544 780 581 833 ut
604 771 701 833 infert
723 771 888 853 Magister.

261 874 351 944 Alia
375 876 506 963 Opinio
530 878 608 941 dicit
631 878 830 960 oppositum,
855 878 945 959 quod
969 877 1102 959 probat:

260 984 376 1047 Primo
399 984 460 1047 sic:
488 984 574 1065 Quia
598 984 682 1047 mitti
713 994 762 1046 est
789 985 958 1067 originari3
982 1005 1061 1067 ergo
1086 984 1165 1047 mit·-

174 1102 260 1177 tere
283 1101 332 1153 est
355 1092 532 1174 originare;
562 1093 619 1154 sed
643 1092 730 1154 nulla
754 1112 891 1173 persona
914 1091 1054 1173 originat
1076 1092 1166 1174 seip-

194 1219 281 1262 sam:
306 1219 385 1281 ergo
409 1198 497 1261 nulla
521 1219 658 1279 persona
682 1198 783 1260 mittit
805 1199 955 1279 seipsam.

263 1305 408 1368 Secrmdo
420 1305 481 1366 sic:
499 1306 628 1368 Mittere
643 1305 721 1367 dicit
733 1305 978 1385 auctoritatem3
995 1306 1051 1367 sed
1068 1304 1157 1367 nulla

195 1432 332 1494 persona
355 1412 472 1494 accipit
495 1412 721 1474 auctoritatem
745 1434 765 1473 a
788 1432 840 1487 se;
864 1433 944 1494 ergo
977 1412 1065 1473 nulla
1088 1432 1160 1493 per-

194 1538 274 1582 sona
298 1519 435 1582 mittitur
458 1540 477 1581 a
501 1540 543 1581 se.

263 1626 339 1688 Istis
363 1646 425 1687 non
456 1624 654 1687 obstantibus
679 1634 786 1706 potest
817 1624 919 1687 teneri
950 1624 1062 1706 opinio
1085 1626 1157 1686 Ma-

178 1732 294 1813 ⁸gistri‚
315 1716 351 1794 et
375 1740 481 1813 potest
510 1732 697 1813 responderi
727 1731 769 1793 ad
801 1739 996 1813 argumenta
1026 1730 1162 1793 alterius

195 1838 364 1918 opinionis.
543 1911 548 1920 Ι

261 1946 320 2007 Ad
334 1945 482 2025 primum
514 1966 589 2006 cum
622 1944 756 2008 dicitur:
790 1944 875 2006 Mitti
907 1952 955 2006 est
985 1943 1157 2026 originari;

194 2072 273 2133 ergo
298 2052 424 2114 mittere
439 2061 487 2113 est
510 2051 679 2133 originare,
697 2071 783 2133 nego
803 2051 1060 2133 consequentiam
1081 2050 1161 2131 quia

195 2178 260 2221 non
285 2167 415 2239 oportet
437 2158 663 2225 omnimodam
680 2158 1001 2239 correspondentiam
1025 2176 1095 2219 esse
1111 2156 1167 2219 in·-

195 2272 243 2327 ter
266 2264 409 2327 activum
432 2274 464 2326 et
488 2264 664 2347 passivum,
688 2264 772 2339 sicut
800 2273 890 2346 patet
913 2285 969 2346 per
1000 2264 1158 2326 rationem

196 2370 315 2433 factam
340 2392 399 2453 pro
423 2370 575 2453 opinione
607 2370 755 2453 Magistri
786 2371 827 2433 de
859 2370 1024 2433 incarnare
1054 2379 1087 2433 et
1109 2370 1160 2433 in·

196 2477 330 2540 carnari.
434 2538 436 2541 ,
853 2542 856 2548 ,

263 2584 321 2645 Ad
340 2583 513 2647 secundum
538 2584 653 2647 dicitur
677 2584 768 2665 quod
791 2585 965 2646 auctoritas
989 2583 1161 2665 dupliciter

196 2690 352 2772 accipitur
375 2690 407 2753 in
431 2691 557 2755 divinis.
583 2691 660 2754 Uno
687 2690 787 2752 modo
810 2711 868 2772 per
899 2690 1047 2752 ordinem
1071 2689 1160 2771 prin-

197 2796 271 2879 cipii
294 2797 336 2859 ad
360 2796 452 2869 intra,
477 2806 509 2860 et
532 2798 574 2859 de
597 2797 656 2859 ista
686 2817 799 2859 verum
823 2806 872 2859 est
902 2796 992 2879 quod
1022 2796 1160 2858 assumi-

196 2913 258 2966 tur.
285 2904 362 2965 Alio
387 2904 486 2965 modo
509 2903 665 2984 accipitur
688 2903 863 2966 auctoritas
887 2924 946 2985 pro
969 2902 1160 2966 causalitate

196 3011 238 3073 ad
261 3020 355 3073 extra
384 3019 529 3092 respectu
554 3020 721 3095 creaturae,
745 3015 778 3072 et
800 3009 845 3072 ita
875 3010 1034 3092 competit
1055 3009 1168 3072 tribus.

197 3136 351 3199 personis.

265 3330 325 3393 Au
349 3342 491 3393 nuuuu
520 3343 737 3394 uninomia
769 3339 879 3393 utrum
907 3329 1029 3411 aliquid
1056 3329 1160 3411 possit

196 3456 301 3519 agere,
316 3435 349 3498 in
373 3436 524 3518 seipsum,
550 3435 627 3498 nihil
655 3437 698 3499 ad
730 3456 873 3519 praesens
903 3436 987 3510 dico,
1019 3435 1095 3517 quia
1117 3436 1169 3499 de·

198 3542 260 3605 hoc
283 3542 407 3605 dicetur
430 3542 518 3605 Dist.
537 3560 573 3622 5.
596 3564 625 3625 q.
649 3562 709 3626 4.,·
733 3552 844 3607 tamen
867 3542 942 3605 dico
964 3542 1054 3625 quod
1082 3562 1158 3624 per·

196 3670 277 3713 sona
301 3657 408 3731 potest
430 3669 526 3731 agere
548 3648 581 3712 in
605 3650 744 3732 seipsam
761 3650 823 3713 isto
848 3650 948 3712 modo
970 3648 1060 3730 quod
1083 3669 1168 3711 cau·
