2684 4209
237 381 240 384 Ι
274 290 316 367 98
497 289 571 351 LIB.
596 290 610 351 Ι
635 288 929 352 Ssussunanun

339 495 449 557 Tertia
473 494 647 558 Conclusio
670 503 718 557 est
741 495 811 568 ista,
835 502 868 557 et
891 495 1069 556 concordat
1092 495 1124 556 in
1148 493 1213 556 hoc

251 621 326 664 cum
351 603 547 684 praecedenti
571 602 733 684 opinione,
758 602 848 683 quod
879 602 969 663 Deus
1000 622 1064 663 reon
1093 621 1210 683 cogno-

250 708 352 772 scitur
374 729 395 770 α
420 709 510 771 nobis
533 708 733 770 naturaliter
755 709 791 770 in
809 707 1014 789 particulari
1031 718 1069 771 ut
1081 717 1130 770 est
1143 705 1215 770 lroec

249 816 396 877 essentia.
422 814 524 895 Cujus
548 816 630 877 ratio
653 825 702 878 est
725 815 802 898 quia
826 815 927 888 Deus,
952 826 1099 897 respectu
1117 816 1212 878 intel-

251 921 352 985 lectus
376 922 487 996 nostri,
512 923 573 985 sub
596 923 721 984 ratione
745 921 940 1004 particulari,
965 931 1045 1003 puta
1067 922 1129 984 sub
1161 943 1212 984 ra-

249 1027 338 1090 tione
360 1049 426 1110 qua
450 1027 521 1091 haec
544 1030 691 1103 essentia,
715 1041 764 1091 est
787 1029 953 1108 objectum
985 1029 1211 1091 voluntarium

250 1154 314 1196 non
339 1137 490 1198 naturale
513 1135 569 1197 sed
593 1145 722 1199 tantum
747 1136 927 1198 intellectus
950 1135 1064 1204 divini:
1080 1157 1161 1217 ergo
1177 1136 1211 1198 in

248 1242 442 1323 particulari,
467 1252 547 1324 puta
570 1243 631 1304 sub
656 1243 781 1304 ratione
803 1262 869 1325 qua
892 1252 941 1305 est
965 1242 1035 1304 haec
1067 1242 1206 1304 essentia

249 1350 298 1412 vel
323 1348 375 1411 hic
400 1349 499 1424 Deus,
524 1369 590 1412 non
614 1359 662 1412 est
692 1370 711 1411 a
742 1329 846 1411 nobis¹
868 1349 1054 1410 naturaliter
1085 1369 1210 1431 cogno·

249 1456 376 1518 scibilis.

316 1561 442 1644 Quarta
467 1563 640 1626 Conclusio
663 1572 712 1625 est
735 1563 804 1637 ista,
829 1564 919 1645 quod
943 1563 991 1625 ad
1003 1563 1208 1624 multoscon-

246 1657 352 1750 ceptus
370 1671 520 1750 proprios
543 1671 610 1732 Deo
627 1681 800 1751 possumus
817 1669 998 1751 pervenire,
1024 1670 1107 1731 sicut
1129 1678 1208 1730 sunt

234 1768 424 1857 'conceptus
448 1775 698 1857 perfectionum
722 1786 755 1839 et
767 1777 849 1838 inter
862 1796 975 1838 omnes
995 1776 1072 1838 istos
1095 1794 1209 1837 conce·

248 1890 332 1964 ptus,
346 1892 523 1964 conceptus
536 1883 668 1964 quidem
685 1885 767 1946 entis
784 1881 899 1944 infiniti
914 1891 962 1944 est
985 1882 1160 1963 simplicior
1173 1890 1207 1943 et

247 1988 426 2070 perfectior.
453 1988 552 2069 Quod
576 1990 616 2052 sit
638 1990 827 2071 simplicior,
853 1998 953 2070 patet,
970 1988 1046 2070 quia
1063 1987 1205 2050 infinitas

246 2095 324 2156 dicit
348 2096 487 2177 gradum
512 2096 720 2158 intrinsecum
745 2106 881 2168 naturae,
913 2105 946 2157 et
977 2094 1052 2157 facit
1083 2115 1140 2175 per
1170 2114 1208 2156 se

248 2223 348 2263 unum
374 2223 449 2264 cum
475 2212 598 2264 natura.
625 2201 724 2282 Quod
748 2211 859 2264 autem
884 2203 925 2264 sit
942 2201 1117 2283 perfectior
1132 2221 1207 2281 pro

246 2307 350 2382 batur,
376 2309 452 2389 quia
475 2309 528 2370 illa
551 2318 627 2371 sunt
651 2308 840 2388 perfectiora
871 2329 946 2389 quae
979 2308 1095 2369 ultimo
1126 2327 1207 2370 con·

245 2415 420 2477 cluduntur
445 2417 485 2477 do
509 2415 582 2477 Deo
605 2415 882 2477 demonstratione
897 2415 975 2496 quia
991 2425 1059 2486 est,·
1077 2415 1133 2476 sed
1154 2414 1206 2476 in·

244 2519 350 2583 finitas
373 2532 421 2583 est
445 2522 642 2602 hujusmodi,
668 2530 705 2582 ut
728 2531 817 2602 patet
840 2542 884 2582 ex
908 2542 1059 2603 processu
1092 2519 1201 2582 Philo-

245 2629 339 2709 sophi
362 2628 395 2690 8.
420 2607 563 2708 Ple-isici,
592 2624 714 2689 ubi'ex
738 2628 900 2699 creaturis,
927 2627 1206 2689 demonstratione

244 2735 322 2815 quia
346 2745 401 2807 est,
431 2735 546 2796 ultimo
570 2733 664 2796 infert
688 2735 729 2795 de
754 2735 824 2796 Deo
849 2732 1052 2795 infinitatem.

312 2840 436 2921 Quinta
461 2841 634 2904 Conclusio
657 2850 706 2902 est
730 2841 791 2914 illa,
815 2841 905 2922 quod
923 2841 985 2903 illa
1001 2860 1072 2921 quir
1087 2861 1204 2920 cogno-

243 2948 363 3010 scimus
386 2949 424 3010 de
447 2949 524 3020 Dru,
551 2949 771 3029 corrrosrimus
788 2958 848 3028 prr
870 2948 986 3029 specics
1007 2957 1205 3009 creaturam.

244 3054 411 3117 Probatio:
436 3056 512 3136 quia
539 3056 628 3136 quod
653 3065 762 3137 potest
785 3054 970 3136 imprimere
982 3053 1122 3135 speciem
1147 3055 1208 3116 mi·

244 3181 305 3222 nus
329 3162 541 3224 universalem
566 3163 597 3223 in
622 3161 795 3233 intellectu,
821 3170 929 3242 potest
951 3161 1049 3222 etiam
1071 3181 1207 3223 causare

244 3268 384 3350 speciem
409 3269 647 3349 cujuscumque
671 3267 916 3330 universalioris
950 3266 1014 3330 Sed
1045 3276 1207 3330 creaturae

244 3375 436 3455 imprimunt
460 3375 491 3437 in
517 3375 679 3437 intellectu
705 3376 826 3456 species
858 3374 965 3436 minus
996 3374 1206 3436 universales.

245 3481 336 3562 Ergo
360 3491 495 3562 possunt
511 3482 697 3563 imprimere
713 3481 834 3562 species
850 3480 1104 3552 universaliores,
1122 3490 1208 3562 puta

243 3577 364 3667 species
388 3589 695 3650 transcendentium.
720 3588 785 3649 ista
808 3596 917 3649 autem
942 3587 1208 3651 transcendentia

243 3693 395 3756 dicuntur
418 3694 459 3755 de
484 3695 555 3757 Deo
579 3704 611 3756 et
635 3694 798 3757 creaturis.
