2684 4209
220 222 258 299 58
450 222 523 284 Lm.
549 224 563 285 Ι
587 223 882 289 Saurannnauu

195 446 261 489 non
285 435 414 507 oportet
437 448 558 509 ponere
582 429 684 510 plura,
709 432 786 511 quia
815 433 903 495 nulla
920 434 1085 514 pluralitas
1107 442 1161 497 est·

197 534 348 615 ponenda
371 534 438 596 sine
462 536 659 598 necessitate.

263 640 436 713 Praeterea,
466 641 527 704 hoc
551 642 637 704 idem
662 646 779 725 probat
803 646 838 707 in
847 646 920 729 fine
936 665 986 709 12.
1008 646 1155 728 Metaplz.

198 768 254 829 per
271 746 333 809 hoc
353 748 442 829 quod
459 749 544 811 entia
565 770 628 811 non
646 751 761 813 volunt
778 754 863 814 male
877 753 1014 835 disponi,
1030 762 1063 815 et
1078 762 1162 816 tunc

198 852 305 915 insert:
331 875 414 917 unus
437 876 515 937 ergo
538 857 726 920 dominatus
742 868 773 920 et
791 879 873 921 unus
894 859 1051 941 princeps.
1063 897 1076 907 -
1088 860 1158 923 Nec

198 961 282 1023 valet
298 961 422 1022 dictum
441 962 546 1024 Rabbi
571 964 689 1043 Moysi,
715 985 791 1027 narn
816 966 921 1028 unitas
945 967 1006 1028 Dei
1023 976 1157 1049 accepta

197 1074 275 1141 esta
300 1069 371 1150 lege
383 1078 514 1149 propter
539 1072 700 1151 populum
724 1073 778 1153 qui
796 1093 919 1153 pronus
934 1083 1017 1136 esset
1033 1075 1074 1136 ad
1092 1074 1163 1136 ido—

199 1174 367 1249 lolatriam,
400 1177 548 1257 quamvis
580 1177 611 1239 in
643 1199 677 1240 se
707 1188 790 1242 esset
821 1180 1081 1254 demonstrabile,
1112 1181 1159 1243 sic

199 1286 296 1351 etiam
319 1302 388 1349 esse
412 1286 472 1347 Dei
496 1295 668 1366 acceptum
692 1294 740 1348 est
763 1308 783 1348 a
806 1286 890 1367 lege,
915 1288 998 1348 sicut
1022 1286 1165 1350 habetur·
1200 1369 1203 1376 ²

200 1395 321 1459 Exodi.
342 1412 376 1473 j.
401 1394 476 1475 Ego
500 1413 572 1454 sum
590 1393 644 1474 qui
662 1414 749 1469 sum;
767 1403 924 1455 ettamen
948 1414 1017 1456 esse
1033 1395 1095 1456 Dei
1111 1403 1162 1456 est
1249 1406 1253 1411 '

200 1501 459 1564 demonstrabile.

267 1697 328 1759 Ao
352 1711 495 1759 mmuu
521 1710 739 1759 Priuernate
770 1716 846 1757 cum
878 1696 955 1757 dicit
986 1696 1162 1757 Damasce-

201 1826 261 1867 nus
285 1804 374 1886 quod
405 1804 548 1885 cognitio
584 1802 644 1864 Dei
676 1811 723 1865 est
747 1802 899 1865 omnibus
929 1802 1056 1875 inserta,
1088 1802 1167 1864 dico·

201 1912 290 1993 quod
314 1910 457 1991 cognitio
480 1919 587 1992 potest
611 1910 712 1991 accipi
736 1910 786 1971 vel
804 1920 866 1989 pro
888 1909 1015 1971 actitoli
1029 1909 1157 1981 notitia,

167 2100 173 2113 ι
199 2027 231 2081 et
255 2018 299 2079 sic
324 2017 401 2078 illud
426 2036 490 2078 non
514 2026 562 2078 est
585 2017 626 2077 de
651 2025 759 2078 mente
778 2016 983 2088 Damasceni,
1001 2017 1077 2096 quia
1093 2016 1164 2098 ipse

199 2125 276 2187 dicit
301 2124 342 2185 ibi
367 2124 456 2205 quod
480 2144 578 2185 nemo
618 2123 708 2185 novit
740 2122 849 2184 Deum
873 2124 932 2185 nisi
963 2124 1157 2204 inquantum

201 2230 269 2312 ipse
313 2251 347 2292 se
371 2230 498 2292 revelat.
524 2230 585 2292 Vel
610 2238 717 2311 potest
740 2230 842 2310 accipi
862 2240 922 2309 pro
946 2230 1093 2310 potentia
1116 2248 1168 2289 co-

197 2337 334 2421 gnitiva
358 2358 413 2419 per
437 2357 537 2418 quam
562 2356 735 2418 possumus
758 2356 954 2417 cognoscere
986 2336 1095 2397 Deum
1128 2336 1160 2396 in

202 2443 398 2526 quibusdam
423 2443 634 2525 conceptibus
665 2443 905 2516 communibus,
937 2452 970 2504 et
1001 2442 1064 2505 hoc
1095 2428 1162 2506 non

202 2560 250 2614 est
274 2560 387 2613 contra
411 2571 472 2611 me.

269 2658 328 2720 Ad
347 2657 521 2720 secundum
546 2658 619 2719 dico
643 2656 732 2737 quod
756 2656 926 2718 veritatem
942 2676 1010 2717 esse
1027 2656 1059 2717 in
1075 2676 1169 2717 com·

204 2765 294 2828 muni
318 2773 365 2827 est
389 2785 445 2845 per
474 2784 507 2825 se
538 2773 669 2837 notum;
709 2764 765 2825 sed
797 2784 873 2825 cum
905 2761 1051 2824 infertur:
1083 2782 1169 2843 ergo

205 2873 313 2935 Deum
337 2892 405 2934 esse
428 2880 476 2933 est
500 2892 556 2952 per
580 2892 613 2932 se
629 2880 755 2943 notum,
774 2891 838 2932 non
863 2870 1018 2951 sequitur,
1043 2870 1100 2930 sed
1115 2877 1166 2929 est

194 2979 342 3061 fallacia
369 2978 586 3059 consequentis
617 2998 636 3038 a
660 2977 814 3058 superiori
846 2978 888 3037 ad
920 2975 1052 3037 inferius
1083 2975 1166 3036 affir-

206 3086 340 3159 mando;
365 3106 444 3165 ergo
467 3094 527 3146 etc.

573 3278 749 3360 Quaestio
774 3293 808 3341 11.

504 3386 648 3448 Secundo
678 3387 853 3466 quaeritur:

258 3529 366 3583 Utrum
384 3544 449 3581 eum
468 3527 581 3603 unitate¹
598 3526 729 3581 esseutiae
747 3529 804 3582 stet
826 3528 943 3584 trlnltas
967 3543 1171 3597 personarum

277 3664 375 3745 Quod
401 3685 465 3725 non
501 3663 627 3724 videtur
661 3682 686 3725 1.
720 3664 807 3745 Quia
838 3666 1008 3727 relationes
1039 3665 1168 3747 opposi-

208 3786 250 3837 tae
275 3783 350 3836 sunt
373 3772 506 3853 aequalis
522 3772 703 3851 dignitatis;
721 3774 777 3834 scd
795 3774 963 3839 relationes
987 3773 1172 3853 producen—
