2684 4209
235 266 281 326 -30
479 246 553 309 Lm.
580 248 593 309 1
618 246 912 311 Senrexrmnun

258 368 279 373 --
293 363 514 373 ...00---4-—-—-
1089 368 1111 373 -

281 450 456 533 Secunda
485 448 692 536 Conclusio,
716 453 806 533 quod
838 473 904 515 non
928 453 1099 533 requiritur
1124 474 1177 514 ne·

205 560 350 622 ¹-cessario
374 560 497 641 duplex
522 568 686 640 respectus
709 560 860 631 actualis,
881 561 937 622 sed
954 560 1071 621 sufficit
1086 560 1176 640 quod

213 656 253 729 sit
277 666 520 747 aptz'tudinulr's,
549 666 625 746 quia
648 666 726 727 alias
752 666 838 727 idem
870 666 1001 728 habitus
1032 666 1178 746 quando

205 794 279 854 ·que
306 782 389 835 esset
420 773 579 854 practicus
610 783 641 834 et
673 774 872 854 quandoque
903 794 969 835 non
1000 773 1175 853 practicus;

216 900 291 941 nam
316 878 404 941 faber
428 889 501 941 actu
527 900 664 960 operans
689 879 787 941 habet
810 890 920 941 actum
938 880 1128 960 practicum,
1145 888 1177 940 ct

216 1008 282 1049 non
306 996 379 1049 actu
404 1006 542 1068 operans
566 1006 631 1048 non
650 986 782 1047 haberet
797 996 908 1047 actum
931 987 1178 1066 practicam.—

216 1094 270 1154 Ex
295 1093 344 1155 his
367 1093 441 1155 dico
464 1093 553 1174 quod
572 1093 755 1173 practicam
787 1102 819 1153 et
849 1093 1088 1172 speculativum
1120 1090 1178 1152 dis-

187 1282 190 1289 Α
217 1199 323 1262 lerunt
347 1220 445 1281 penes
469 1199 663 1281 positionem
688 1210 720 1261 ct
744 1200 958 1280 privationem
992 1199 1108 1260 horum
1133 1218 1179 1259 re-

207 1315 403 1389 'spectuum;
422 1327 496 1367 nam
508 1306 691 1387 practicam
708 1306 800 1385 ponit
815 1306 978 1386 duplicem
996 1316 1178 1385 respectum

218 1413 404 1494 positivum,
427 1413 661 1493 speculativum
686 1422 795 1474 autem
820 1414 925 1493 privat
956 1412 1026 1473 illos
1058 1431 1180 1491 respec-

217 1530 335 1581 tus.—
349 1520 402 1580 Ex
426 1520 544 1600 quibus
569 1519 700 1581 ulterius
725 1518 818 1580 insert
843 1519 961 1581 Scotus
984 1519 1073 1599 quod
1091 1537 1180 1598 prac-

217 1628 318 1689 ticum
342 1634 374 1687 et
397 1626 631 1707 speculativum
658 1647 722 1687 non
751 1634 827 1687 sunt
858 1625 1045 1687 difr'erentiae
1076 1644 1181 1686 essen·

182 1734 306 1795 ·.tiales
331 1732 512 1805 habituum,
544 1733 620 1813 quia
652 1733 777 1793 nullum
811 1733 1027 1812 respectivum
1060 1742 1108 1793 est
1139 1732 1180 1792 de

217 1840 389 1902 intrinseco
413 1848 572 1921 conceptu
597 1839 733 1919 alicujus
757 1839 905 1911 absoluti,
931 1840 980 1899 vel
1004 1839 1073 1917 cjus
1095 1837 1181 1899 dirse-

211 1946 319 2009 .rentia
343 1946 526 2007 essentialis,

289 2050 424 2121 Contra
441 2048 508 2119 lwc
524 2053 630 2133 arguit
662 2053 706 2113 sic
739 2053 852 2114 Petrus
883 2052 1062 2113 Aureolus:
1094 2050 1180 2131 Quia

220 2160 322 2241 major
353 2170 401 2221 cst
431 2158 608 2221 differentia
641 2160 722 2220 inter
754 2159 901 2220 habitum
938 2159 1116 2238 practicum
1148 2166 1181 2219 et

215 2268 454 2349 speculativum
479 2286 577 2346 quam
603 2266 685 2327 inter
709 2266 860 2336 rratnrale
879 2277 911 2326 et
929 2266 1107 2326 medicum:
1124 2265 1181 2325 sed

220 2375 250 2436 in
276 2374 335 2435 illis
357 2382 405 2435 est
428 2373 590 2433 distinctio
614 2371 777 2453 specifica;
802 2392 881 2453 ergo
906 2372 936 2433 in
969 2372 1044 2433 istis,
1061 2407 1105 2419 —
1123 2372 1182 2433 Rc-

217 2481 352 2561 spoudeo
375 2480 463 2561 quod
488 2479 627 2558 objectio
649 2499 715 2540 uon
732 2478 821 2539 vadit
837 2479 879 2539 ad
896 2499 975 2548 rem,
1000 2478 1076 2559 quia
1104 2479 1179 2539 doc-

220 2597 271 2649 tor
294 2588 353 2649 iste
376 2607 441 2648 non
459 2595 557 2665 negat
572 2597 682 2647 actum
700 2587 878 2666 practicum
894 2595 927 2646 et
943 2585 1180 2665 speculativum

221 2714 285 2755 non
302 2692 456 2773 distingui
469 2691 625 2773 specifice,
639 2693 697 2753 sed
709 2693 785 2753 dicit
798 2692 975 2773 practicum
989 2703 1021 2752 et
1041 2693 1183 2773 specula·

220 2800 323 2862 tivum
350 2820 414 2862 non
438 2820 506 2861 csse
530 2798 723 2861 differentias
738 2799 921 2861 essentiales
938 2799 1108 2861 habituum
1131 2818 1183 2879 pe-

220 2928 276 2969 nes
300 2906 493 2989 positionem
522 2916 554 2967 ct
585 2907 799 2987 privationem
832 2915 978 2986 respectu
1012 2906 1183 2987 praedicto·

221 3034 306 3076 rum.

289 3210 353 3275 Be
383 3210 526 3275 Tertio
549 3209 748 3275 Artr'oulo
771 3218 846 3270 sunt
873 3208 1055 3289 opiniones:

289 3313 374 3384 Una
392 3316 566 3391 Gothfridi,
589 3316 705 3391 Qnodl.
730 3334 781 3378 10.
805 3299 1126 3397 q.'11,quodactus
1151 3325 1183 3377 et

224 3424 354 3486 habitus
377 3433 452 3485 sunt
476 3424 607 3505 practici
631 3444 673 3485 ex
702 3423 830 3503 objecto
859 3424 982 3484 ratione
1012 3421 1185 3503 conformi-

216 3530 312 3603 ,tntis
355 3527 533 3593 intellectus
565 3540 674 3593 autem
708 3528 743 3591 fit
767 3530 926 3609 practicus
950 3550 1006 3609 per
1029 3529 1185 3591 extorsio-

225 3656 297 3700 num
321 3634 370 3704 ud
383 3638 498 3720 finem.
527 3673 571 3685 —
593 3636 731 3701 Contra:
747 3636 949 3718 Impossibile
972 3636 1139 3718 estlalicui
1164 3637 1185 3697 i·
