2684 4209
275 255 340 333 364
516 254 590 319 Lm.
615 255 631 317 Ι
654 254 947 319 Sena-nummum

241 479 290 521 co
313 460 402 541 quod
426 459 518 533 ideae,
543 468 580 522 ut
602 468 693 542 patet
716 478 773 541 per
789 459 1018 542 Augustinum
1034 459 1199 541 ubisupm,

240 575 399 648 spectant
421 566 463 628 ad
486 566 699 630 intellectum.
724 565 762 629 In
785 566 948 629 intellectu
973 575 1082 629 autem
1099 566 1201 629 divino

242 672 430 736 secundum
455 682 606 736 nostrum
631 674 767 735 modum
784 673 993 756 intelligendi,
1003 682 1052 736 est
1062 673 1122 735 tria
1132 692 1203 735 oon·

241 780 401 855 siderare,
425 779 545 843 scilicet
568 780 676 863 ipsum
700 779 899 842 intellectum
923 790 956 842 et
971 790 1081 843 actum
1098 777 1204 841 intelli-

250 886 348 969 gendi
371 896 404 949 et
426 886 599 949 essentiam
623 886 767 949 divinam
791 906 866 968 quae
891 894 1100 970 repraesentat
1122 906 1156 948 se
1176 892 1205 947 et

241 993 321 1057 alia.
346 993 483 1057 Certum
507 1002 556 1055 est
578 1003 689 1056 autem
713 994 803 1075 quod
827 993 909 1056 ideae
942 1012 1007 1055 non
1046 1002 1206 1075 ponuntur

250 1099 282 1161 in
306 1099 469 1162 intellectu
497 1100 612 1162 necin
635 1108 710 1162 actu
735 1099 936 1182 intelligendi
960 1100 1063 1174 utsic‚
1088 1118 1207 1182 ponun-

242 1215 303 1268 tur
326 1216 436 1269 autem
460 1205 492 1269 in
516 1207 663 1271 essentia.
689 1206 838 1269 Essentia
860 1215 971 1270 autem
988 1206 1143 1288 accipitur
1153 1206 1207 1267 du

241 1312 383 1394 pliciter,
408 1322 446 1390 ut
468 1294 634 1394 objectum
659 1314 830 1405 pognitum
854 1322 887 1376 et
902 1321 947 1377 ut
970 1324 1019 1377 est
1043 1313 1124 1376 ratio
1157 1332 1207 1374 co·

124 1500 130 1512 ·
243 1420 437 1500 ¹gnoscendi.
463 1419 542 1482 Ideo
566 1428 602 1481 ut
623 1428 781 1519 appareat
804 1419 1048 1501 qualiterlideae
1070 1419 1135 1483 sint
1153 1438 1207 1501 po-

249 1526 368 1587 nendae
391 1535 521 1608 oportet
536 1527 603 1589 duo
622 1526 740 1589 videre.
758 1526 884 1600 Primo,
895 1526 927 1607 si
943 1526 1082 1589 essentia
1095 1544 1208 1609 reprae·

241 1640 356 1695 sentat
379 1632 440 1694 alia
464 1653 483 1694 a
506 1652 555 1713 se;
578 1633 724 1705 secundo,
745 1632 921 1716 principale
936 1634 1120 1715 quaesitum.

270 1742 277 1752 ’
316 1734 375 1805 De
393 1737 523 1824 primo
545 1748 595 1801 est
617 1739 729 1821 opinio
752 1760 816 1802 una
839 1740 930 1821 quod
953 1740 1091 1803 essentia
1117 1740 1208 1803 abso

251 1844 317 1907 lute
341 1854 473 1926 sumpta
497 1866 562 1908 non
587 1854 797 1927 repraesentat
819 1847 881 1909 alia
897 1868 917 1909 a
936 1867 970 1910 se
981 1847 1208 1921 distincte;cu-

247 1950 302 2031 jus
325 1951 406 2013 ratio
429 1960 487 2026 est,
513 1951 590 2033 quia
614 1953 915 2033 repraesentativum
942 1974 1120 2017 commune
1146 1972 1208 2017 non

251 2067 461 2139 repraesentat
486 2058 590 2121 multa
613 2059 776 2139 distincte3
801 2061 858 2123 sed
881 2060 1018 2124 essentia
1034 2070 1083 2125 est
1099 2080 1208 2144 reprae-

241 2164 448 2227 sentativum
472 2185 662 2243 commune;
686 2186 766 2248 ergo
790 2187 855 2230 non
879 2178 1092 2249 repraesentat
1104 2166 1208 2231 omnia

242 2270 409 2335 distincte.

320 2378 465 2441 Secundo
488 2379 561 2441 dico
585 2380 676 2461 quod
705 2381 844 2443 essentia
867 2381 929 2444 sub
965 2382 1124 2445 distinctis
1150 2402 1209 2445 res·

251 2484 397 2565 pectibus
421 2495 629 2566 repraesentat
657 2486 807 2549 distincte
830 2488 891 2551 alia
918 2509 938 2549 a
961 2508 1009 2564 se;
1034 2488 1209 2552 intellectus

133 2671 137 2684 ι
240 2590 337 2653 enim
361 2592 467 2673 primo
490 2590 589 2655 fertur
605 2613 703 2674 supra
726 2594 897 2657 essentiam
929 2595 1088 2669 absolute,
1127 2596 1210 2659 dein·

246 2697 292 2760 de
315 2696 414 2760 fertur
439 2718 536 2781 supra
552 2691 730 2762 essentiam
755 2710 793 2763 ut
814 2710 864 2763 est
886 2701 1211 2766 imitabilisacreatu-

244 2803 302 2878 ris,
326 2814 359 2866 et
382 2805 444 2867 sub
468 2805 535 2867 istis
558 2806 758 2887 respectibus
781 2806 1006 2872 imitabilitatis
1037 2830 1211 2891 repraesen·

251 2919 299 2972 tat
323 2911 384 2973 alia
408 2912 566 2977 distincte.
1236 2912 1240 2920 ’

322 3016 441 3081 Contra
465 3018 522 3082 lzoc
544 3020 704 3102 obficimr,
731 3022 808 3103 quia
824 3023 914 3104 quod
927 3033 1138 3104 repraesentat
1150 3024 1211 3086 dis·

244 3123 353 3187 tincte
377 3135 550 3207 respectus,
576 3137 787 3209 repraesentat
803 3128 900 3191 etiam
916 3129 1066 3192 distincte
1078 3150 1117 3192 ea
1139 3150 1213 3213 quae

244 3240 328 3293 sunt
352 3232 394 3293 illi
419 3243 596 3315 respectus;
620 3235 678 3297 sed
701 3236 837 3297 essentia
850 3236 1033 3299 secundum
1049 3256 1212 3321 sereprae-

243 3349 359 3400 sentat
382 3340 529 3403 distincte
553 3341 623 3403 iilos
646 3350 811 3423 respectus
835 3342 1067 3419 imitabilitatis,
1091 3344 1169 3427 quia
1183 3364 1213 3406 a·

246 3446 309 3507 'lias
332 3456 415 3507 esset
438 3468 608 3528 processus
631 3449 663 3511 in
688 3448 850 3511 infinitum
875 3450 906 3512 in
931 3451 1147 3532 respectibus;
1165 3472 1212 3515 er-

248 3573 296 3634 go
320 3554 456 3615 essentia
480 3556 662 3617 secundum
686 3577 720 3618 se
744 3556 895 3621 distincta
919 3568 1129 3639 repraesentat
1143 3580 1214 3622 om·

247 3658 305 3720 nia
327 3660 369 3721 ad
392 3680 467 3739 quae
491 3670 565 3723 sunt
589 3662 631 3723 illi
657 3672 831 3744 respectus
856 3664 957 3727 etsie
980 3666 1098 3729 dicitur
1123 3669 1213 3749 quod

242 3765 388 3825 essentia
413 3767 592 3828 secundum
616 3788 650 3829 se
673 3769 824 3832 distincta
840 3781 1050 3852 repraesentat
1062 3775 1183 3839 omnia.
