2684 4209
399 296 586 361 Drsnncr.
610 297 640 360 ΙΙ
665 296 812 379 QuAEsT.
837 299 867 362 ΙΙ
1053 302 1097 384 67

133 500 196 562 sic:
236 500 440 562 Putaverunt
473 500 571 583 aliqui
599 501 790 565 Trinitatem
824 523 893 567 esse
927 504 961 567 in
988 505 1097 570 divina

130 606 324 679 substantia,
348 614 382 669 et
404 608 576 669 voluerunt
599 609 736 671 evadere
751 630 808 691 per
829 608 892 672 hoc
915 612 1005 693 quod
1021 622 1098 676 sunt

132 723 196 775 tres
220 732 369 795 personae
393 722 425 775 et
449 734 533 775 uuus
560 714 666 790 Deus;
691 725 724 777 et
755 716 936 779 nescierunt
959 718 1097 783 evadere

137 820 214 901 quia
238 841 314 881 curn
338 820 517 882 substantia
540 820 580 883 sit
604 841 706 883 unum
733 831 951 905 aggregatum
982 833 1031 887 est
1061 846 1096 887 u·

134 946 217 987 num
250 945 306 1007 per
336 924 548 988 intentionem
580 944 691 989 unam'
707 928 803 991 -.Sed
824 928 896 991 haeo
915 930 1026 1012 opinio
1048 939 1097 994 est

133 1032 289 1094 haeretica
311 1042 344 1094 et
375 1032 462 1095 falsa.
496 1034 540 1095 Et
564 1035 684 1115 primo,
709 1054 799 1116 pono
820 1037 919 1123 ‚quod
950 1057 1016 1099 non
1047 1057 1108 1109 re·-

134 1147 261 1221 pugnet
291 1140 436 1201 essentiae
468 1140 597 1215 divinae,
613 1142 704 1223 quod
720 1141 752 1203 in
768 1162 807 1203 ea
822 1142 885 1204 sint
901 1143 1009 1224 plures
1025 1164 1094 1225 per-

129 1266 234 1308 sonae.
253 1244 407 1317 Secundo.
423 1248 514 1328 quod
530 1256 604 1309 sunt
627 1247 670 1309 ibi
695 1256 824 1309 tantum
848 1257 912 1310 tres
935 1269 1094 1330 personae.

200 1348 386 1419 Primum
394 1348 577 1437 probatur
588 1354 649 1416 sic:
665 1354 814 1416 Essentia
831 1355 941 1417 divina
952 1365 1000 1417 est
1019 1355 1096 1417 sirn-

132 1460 308 1542 plicissima
331 1460 571 1551 etlillimitatm
607 1460 664 1523 sed
695 1460 805 1523 anima
836 1470 968 1543 propter
1002 1482 1096 1524 suam

130 1566 374 1647 simplicitatem
406 1575 512 1648 potest
539 1587 608 1629 esse
628 1567 659 1628 in
680 1566 827 1649 pluribus
853 1567 999 1649 partibus
1029 1588 1097 1630 cor·

132 1673 221 1755 poris
244 1673 312 1735 sine
334 1673 383 1734 sui
399 1672 613 1737 diminutione
629 1684 661 1735 et
678 1674 874 1749 mutatione;
891 1694 971 1756 ergo
992 1675 1096 1737 multo

84 1840 90 1856 ,
132 1780 239 1862 magis
261 1780 398 1842 essentia
421 1779 530 1842 divina
560 1789 666 1862 potest
690 1801 759 1843 esse
789 1781 822 1842 in
850 1781 997 1862 pluribus
1019 1802 1096 1863 sup-

131 1886 256 1967 positis.

196 1992 373 2067 Praeterea,
419 1994 555 2055 essentia
578 1992 689 2055 divina
710 2003 759 2055 est
787 1992 941 2075 perfectio
972 1992 1095 2074 simpli-

130 2100 230 2175 citer;
259 2100 316 2162 sed
347 2098 501 2181 perfectio
532 2100 719 2183 simpliciter
749 2108 798 2163 est
828 2099 975 2181 pluribus
1005 2118 1095 2161 com-

134 2206 356 2281 municabilis;
380 2226 459 2288 ergo
482 2216 542 2269 etc.

195 2312 372 2387 privtum,
396 2312 479 2376 sicut
491 2334 555 2375 una
572 2323 688 2376 natura
703 2321 811 2375 creata
827 2321 935 2394 potest
951 2312 1092 2392 recipere

130 2438 231 2501 supra
254 2440 288 2481 se
311 2421 419 2501 plures
442 2420 654 2503 proprietates
670 2418 894 2493 accidentales,
912 2419 957 2481 ita
980 2426 1095 2480 natura

130 2524 242 2587 divina
265 2526 373 2607 plures
396 2526 607 2608 proprietates
631 2525 826 2608 personales.

197 2627 427 2707 Secundum,
451 2633 571 2695 scilicet
592 2632 684 2715 quod
707 2632 771 2695 sint
786 2640 915 2694 tanturn
932 2640 997 2692 tres
1021 2648 1092 2710 per·

130 2758 223 2802 sonae
247 2738 280 2801 in
302 2738 440 2801 essentia
463 2739 571 2802 divina
595 2739 753 2821 probatur
775 2738 834 2801 sic:
859 2738 920 2799 Est
942 2736 1030 2798 enim
1051 2734 1095 2796 ibi

133 2852 262 2907 tantum
287 2866 353 2907 una
375 2866 513 2927 persona
537 2866 599 2908 non
617 2846 788 2927 producta,
805 2853 837 2906 et
853 2864 919 2905 una
935 2842 1095 2925 producta

131 2960 324 3034 peractum
349 2952 538 3029 intellectus,
562 2961 596 3016 et
618 2952 681 3015 alia
704 2951 864 3034 producta
894 2970 951 3031 per
982 2956 1094 3009 actum

130 3058 325 3135 voluntati53
342 3079 422 3142 ergo
437 3068 514 3121 sunt
528 3068 657 3123 tantum
675 3067 749 3120 tres,
765 3058 841 3120 Duo
857 3056 977 3119 ultima
991 3054 1091 3125 dicta,

127 3164 250 3227 scilicet
273 3166 365 3248 quod
394 3166 435 3229 sit
458 3186 523 3228 una
546 3166 707 3248 producta
730 3184 787 3246 per
814 3171 926 3225 actum
949 3160 1095 3223 volunta·

126 3270 179 3346 tie,
203 3280 237 3335 et
260 3272 322 3335 alia
345 3292 402 3354 per
432 3282 543 3335 actum
573 3271 765 3345 intellectus,
801 3276 915 3351 patent
941 3287 985 3329 ex
1015 3284 1096 3347 prae-

128 3377 224 3440 dictis
246 3378 279 3441 in
304 3394 323 3441 2
347 3378 423 3441 Art.
448 3378 548 3461 Quod
578 3388 690 3441 autem
714 3377 765 3439 sito
778 3396 844 3437 una
866 3392 1005 3455 persona
1027 3380 1096 3433 tan-

126 3490 201 3547 tum
226 3504 293 3547 non
315 3485 485 3568 producta,
518 3494 607 3568 patet
630 3484 690 3547 sic:
709 3481 880 3564 Quidquid
896 3486 1004 3561 potest
1026 3497 1095 3539 esse

127 3588 161 3653 in
184 3590 333 3673 pluribus
355 3593 539 3675 suppositis,
560 3600 593 3654 et
617 3612 684 3654 non
708 3587 942 3652 determinatur
965 3584 1008 3647 ad
1031 3602 1096 3645 cer-

125 3704 201 3759 tum
225 3718 400 3762 numerum
423 3699 667 3783 suppositorum
692 3716 750 3779 per
773 3694 861 3757 aliud
884 3713 904 3754 a
926 3712 970 3765 se,
994 3688 1020 3751 si
1039 3708 1097 3771 po·
