2684 4209
250 278 291 340 88
495 277 570 340 Lm.
596 279 611 341 1
635 277 929 342 Snnranrmarm

226 491 275 546 tas
299 483 471 547 materialis
494 503 560 545 non
584 493 633 546 est
656 483 800 564 primum
825 481 991 563 objectum
1007 481 1189 544 intellectus

228 589 337 652 nostri.

278 696 466 768 ‚Proeterem
488 696 634 777 primum
651 696 837 777 subjectum
859 695 988 758 habitus
1010 714 1076 756 non
1098 711 1193 756 exce·

228 802 275 866 dit
301 803 444 884 primum
468 803 636 883 objectum
661 803 817 885 potentiae
840 802 934 883 cujus
948 811 998 864 est
1021 801 1080 863 iste
1104 799 1195 862 habi·

227 920 294 984 tus;
319 909 376 972 sed
400 909 625 990 metaphysica
652 919 702 972 est
729 908 860 972 habitus
887 908 1082 983 intellectus;
1110 927 1191 989 ergo

230 1017 372 1098 primum
397 1017 581 1097 subjectum
611 1016 846 1098 metaphysicae
875 1037 940 1079 non
969 1014 1098 1077 excedit
1126 1013 1191 1094 pri-

230 1143 322 1185 mum
346 1123 512 1204 objectum
530 1123 719 1187 intellectus.
738 1123 803 1188 Sed
819 1122 1004 1204 subjectum
1022 1119 1193 1201 metaphy-

229 1229 303 1291 sicae
327 1239 375 1292 est
398 1250 455 1292 ens
479 1230 673 1312 inquantum
696 1251 768 1304 ens,
791 1251 833 1292 ex
860 1249 892 1312 4.
921 1238 953 1291 et
973 1245 1008 1312 5.
1039 1225 1188 1307 Maaplr.

229 1357 317 1418 erg0,
343 1357 418 1398 cum
443 1337 607 1418 quidditas
631 1337 804 1400 materialis
827 1337 868 1399 sit
892 1335 1020 1398 inferior
1051 1336 1093 1396 ad
1123 1353 1192 1408 ens,

231 1463 296 1504 non
320 1443 380 1505 erit
403 1444 545 1524 primum
570 1444 738 1524 objectum
763 1444 945 1506 intellectus
969 1443 1080 1505 nostri.

297 1549 468 1624 Proeterea,
494 1551 640 1632 potentia
657 1572 732 1631 quae
749 1550 905 1613 abstrahit
921 1570 940 1611 a
963 1549 1195 1631 phantasmate

231 1656 330 1719 habet
353 1657 518 1738 objectum
543 1658 639 1720 latins
663 1658 905 1739 phantasmate;
930 1657 987 1720 sed
1011 1656 1194 1718 intellectus

231 1763 389 1826 abstrahit
412 1785 431 1825 a
454 1764 698 1845 phantasmate,
722 1785 801 1846 ergo
828 1763 926 1826 habet
953 1764 1119 1844 objectum
1149 1763 1192 1823 la·

231 1870 294 1931 tius
312 1869 549 1950 phantasmate,
566 1881 598 1932 et
615 1892 672 1951 per
689 1891 894 1951 consequens
916 1869 1110 1950 phantasma
1127 1869 1196 1930 sive

231 1976 395 2056 quidditas
420 1977 599 2050 materialis
625 1987 662 2038 ut
685 1977 743 2057 ipsi
768 1976 942 2057 accipiunt,
967 1996 1032 2037 non
1056 1984 1105 2038 est
1133 1975 1198 2056 pri-

233 2103 323 2145 mum
349 2083 514 2163 objectum
539 2085 722 2146 intellectus
747 2083 856 2145 nostri.

299 2188 471 2262 Proetrr‘ea,
500 2191 583 2252 sicut
607 2190 787 2252 intellectus
811 2188 1031 2252 immaterialis
1046 2209 1080 2250 se
1096 2187 1198 2250 habet

233 2297 274 2357 ad
302 2296 499 2376 quidditates
533 2296 770 2369 immateriales,
805 2297 848 2357 ita
878 2297 1059 2358 intellectus
1092 2304 1195 2356 mate-

234 2403 317 2463 rialis
340 2403 381 2462 ad
405 2403 601 2484 quidditates
626 2403 819 2477 materiales;
845 2403 901 2464 sel
927 2402 1070 2483 primum
1087 2395 1195 2480 objce-

234 2519 305 2570 tum
334 2507 514 2571 intellectus
544 2509 773 2582 immaterialis,
808 2518 887 2589 puta
916 2509 1098 2570 intellectus
1126 2507 1199 2570 An-

234 2616 307 2696 geli,
336 2637 434 2696 quern
469 2615 528 2696 ipsi
560 2626 688 2697 ponunt
718 2615 976 2688 immaterialem,
1006 2635 1072 2677 non
1097 2615 1198 2679 habet

235 2722 367 2802 praecise
384 2743 443 2803 pro
460 2723 589 2802 objecto
605 2723 822 2804 quidditatem
840 2723 1097 2795 immaterialem,
1119 2742 1197 2783 cum

234 2830 332 2891 etiam
357 2829 514 2910 intelligat
537 2829 735 2910 quidditates
752 2830 945 2904 materiales;
963 2850 1042 2910 ergo
1059 2829 1200 2890 intellec-

235 2947 287 2998 tus
319 2945 426 2997 noster
458 2936 651 3016 conjunctus
684 2937 827 2998 materiae
852 2957 916 2998 non
942 2936 1041 2997 habet
1064 2935 1201 3016 praecise

237 3063 296 3122 pro
324 3042 454 3121 objecto
482 3041 699 3122 quidditatem
729 3043 1032 3104 materialem-Ad
1057 3041 1200 3104 rationes

239 3149 405 3230 oppositas
430 3149 552 3229 patebit
577 3149 607 3209 in
633 3147 697 3210 fine
722 3147 928 3228 Qnaestionis.

304 3361 507 3428 Secunda
538 3362 700 3444 opinio,
729 3361 819 3441 quod
852 3361 995 3442 primum
1029 3361 1201 3442 objectum

237 3469 417 3532 intellectus
441 3470 540 3531 nostri
564 3480 612 3530 est
637 3469 737 3541 Deus,
762 3468 852 3548 quod

303 3577 466 3638 Probatur
489 3576 547 3637 sic:
573 3575 718 3638 Primum
742 3584 775 3636 et
804 3573 1073 3655 perfectissimum
1102 3575 1135 3637 in
1165 3597 1201 3636 u-

238 3703 414 3764 noquoque
438 3702 554 3764 genere
577 3691 625 3743 est
648 3702 745 3742 causa
768 3680 836 3742 aliis
860 3691 897 3743 ut
919 3681 983 3743 sint
1006 3681 1083 3743 talia
1105 3701 1148 3743 ex
1167 3701 1200 3746 2.
