2684 4209
289 269 357 333 432
477 316 492 340 ,
538 254 970 320 L1s.lSsursurmaun

271 459 369 523 hodie
393 480 458 522 non
482 471 558 523 sunt
574 461 634 523 sub
651 471 828 544 praecepto‚
853 470 890 523 ut
905 459 1061 524 sacrificia
1085 461 1235 534 arietum,

267 577 329 629 etc.
353 603 398 614 -
422 566 568 631 Secundo
591 568 665 631 dico
689 570 779 650 quod
803 568 954 631 voluntas
977 568 1173 650 beneplaciti
1201 569 1231 630 in

271 676 344 736 Deo
365 684 415 737 est
438 674 659 748 immutabilis,
684 675 761 756 quia
784 675 943 757 quidquid
967 685 1016 738 est
1039 677 1071 737 in
1099 677 1175 737 Deo
1190 675 1240 736 in—

269 781 456 855 trinsecum,
480 791 529 844 est
551 782 772 857 immutabile3
798 784 853 844 sed
867 783 1018 845 voluntas
1040 781 1235 865 beneplaciti

270 897 318 950 est
342 889 416 951 Deo
439 889 619 962 intrinseca,
644 891 795 952 voluntas
817 899 928 953 autem
952 889 1035 973 signi
1058 911 1134 964 non,
1159 893 1239 972 quia

270 995 403 1076 signum
427 996 530 1057 estin
554 996 664 1078 aliquo
687 996 802 1059 effectu
827 1005 938 1066 extra:
975 1017 1053 1079 ergo
1084 997 1237 1060 voluntas

270 1101 463 1182 beneplaciti
486 1112 535 1165 est
558 1104 693 1165 omnino
710 1103 921 1166 immutabilis
937 1104 969 1165 in
993 1125 1036 1176 se,
1061 1114 1172 1168 tamen
1190 1107 1239 1167 in·

272 1217 434 1289 quantum
458 1219 615 1272 connotat
639 1211 776 1272 volitum
800 1221 894 1272 extra
919 1220 1027 1291 potest
1050 1212 1114 1274 dici
1137 1223 1242 1274 muta-

273 1312 344 1376 bilis
367 1317 547 1377 secundum
573 1317 743 1378 rationem.
769 1319 812 1379 Et
835 1318 1044 1392 sicdicimus
1059 1321 1153 1382 Deus
1170 1320 1241 1382 vult

272 1421 413 1502 aliquem
438 1423 562 1486 salvare
586 1444 645 1505 pro
662 1444 729 1486 uno
745 1445 833 1487 nunc
856 1425 887 1486 in
912 1447 980 1506 quo
995 1434 1044 1487 est
1066 1425 1098 1486 in
1123 1427 1242 1507 gratia,

273 1537 306 1588 et
330 1549 389 1608 pro
412 1529 475 1590 alio
499 1549 574 1603 non,
600 1531 631 1592 in
655 1552 723 1612 quo
738 1539 787 1594 est
811 1531 842 1595 in
860 1541 1004 1613 peccatu,
1023 1532 1095 1594 licet
1111 1533 1153 1595 sit
1175 1554 1243 1595 una

272 1645 305 1696 et
328 1636 442 1698 eadem
466 1638 626 1699 voluntas.

343 1743 391 1805 Et·
410 1764 467 1826 per
491 1745 551 1806 ista
575 1755 665 1826 patet
689 1747 731 1808 ad
754 1755 949 1829 argumenta
973 1743 1175 1830 principalia.

622 1958 800 2040 Quasnro
833 1962 871 2024 Il.

585 2119 731 2182 Secuuda
754 2122 933 2202 quaritur:

310 2277 417 2332 Utrum
436 2276 465 2330 ln
483 2277 543 2332 Deo
561 2278 693 2332 voluntas
711 2278 880 2347 berreplacltl
905 2296 1016 2349 sentiar
1039 2283 1208 2350 lmplcatur.

342 2429 481 2492 Videtur
519 2433 610 2512 quod
649 2453 714 2493 non
751 2433 827 2514 quia
867 2435 1049 2515 Apostolus
1088 2439 1166 2502 dicit
1199 2441 1252 2502 ad
1299 2513 1300 2520 ἵ

283 2537 375 2600 Tira:
401 2540 492 2599 Deus
522 2539 592 2600 vult
624 2560 738 2600 omnes
773 2541 878 2602 salvos
913 2541 997 2616 fieri;
1022 2544 1079 2605 sed
1113 2555 1245 2608 certum

276 2645 438 2724 estquod
462 2665 527 2706 non
552 2665 667 2707 omncs
692 2645 839 2708 homines
863 2649 941 2710 salvi
967 2648 1064 2718 fiunt;
1090 2671 1171 2732 ergo
1189 2675 1246 2714 vo

277 2752 385 2812 luntas
409 2750 470 2812 Dei
495 2772 560 2813 non
584 2773 712 2834 semper
736 2754 897 2835 impletur.

349 2855 479 2921 Contra.
506 2859 541 2919 ln
555 2859 681 2924 Psalm.
695 2861 820 2935 dicitur,
838 2863 948 2924 omnia
964 2885 1170 2945 quaecunque
1189 2890 1247 2929 vo·

278 2963 338 3025 luit
365 2963 528 3026 Dominus
552 2965 635 3027 fecit.
1298 2999 1299 3045 l

346 3071 407 3132 An
431 3085 541 3133 istan
560 3087 809 3148 Qurasrtonau
827 3077 964 3139 breviter
981 3080 1053 3140 dico
1076 3080 1164 3160 quod
1189 3103 1247 3142 vo-

279 3178 386 3239 luntas
410 3179 470 3240 Dci
496 3199 626 3260 semper
650 3183 811 3263 impletur.
849 3185 951 3264 Cujus
983 3185 1062 3248 ratio
1093 3195 1140 3248 est
1165 3190 1248 3268 quia

278 3284 339 3345 ista
362 3286 522 3356 voluntas,
547 3287 598 3348 cui
623 3289 700 3351 nihil
724 3291 866 3352 resistcre
883 3301 989 3372 potest
1005 3293 1030 3354 si
1053 3302 1101 3354 cst
1123 3295 1247 3356 efficax

280 3411 408 3473 semper
433 3392 594 3473 impletur.
621 3396 685 3458 Sed
710 3398 860 3460 voluntas
885 3399 946 3460 Dei
970 3409 1018 3461 est
1052 3399 1244 3480 hujusmodi

276 3497 375 3577 juxta
398 3498 477 3560 illud
501 3500 672 3581 Apostoli:
698 3503 869 3567 Voluntati
892 3506 962 3586 ejus
985 3507 1056 3588 quis
1095 3509 1247 3570 resistet?

280 3602 373 3682 Ergo
397 3604 428 3665 in
453 3607 526 3667 Deo
550 3608 701 3670 voluntas
725 3609 915 3693 beneplaciti
939 3633 1065 3695 semper
1078 3615 1247 3695 impletur.
