2684 4209
275 319 335 362 110
514 298 626 360 Lin.·1
653 297 952 363 Snnrnnrrnnon

314 505 374 568 Ad
391 504 577 576 secundam,
606 513 742 584 negetur
766 503 891 565 minor:
923 504 966 564 ad
989 502 1212 584 probationem

243 611 322 674 dico
350 612 439 693 quod
470 610 594 692 duplex
624 619 673 672 cst
697 611 895 690 prasentia:
928 630 993 671 una
1024 609 1056 671 in
1088 609 1213 674 ratione

248 717 366 781 motivi
394 717 623 799 imprimentis,
659 726 692 778 et
723 715 769 778 sic
802 716 969 797 objectum
1000 725 1112 779 causat
1143 737 1213 798 spe

247 825 330 888 ciem
355 825 397 886 ad
421 824 528 887 minus
552 823 785 906 particulariter
809 823 842 884 in
867 812 1034 885 intellectu*
1057 822 1210 903 possibili;

248 932 381 994 aliaest
412 931 583 1014 praesentia
613 931 645 993 in
677 931 802 992 ratione
833 929 1066 1012 cognoscibilis,
1101 938 1135 991 et
1166 930 1211 992 sic

248 1038 371 1120 species
401 1047 513 1100 causat
543 1039 751 1119 praesentiam
785 1036 913 1117 objecti.
938 1073 982 1082 ——
1004 1036 1115 1098 Aliter
1149 1037 1211 1098 dici

249 1155 356 1227 potest
379 1154 411 1207 et
434 1145 559 1218 clarius
583 1145 673 1226 quod
696 1145 851 1226 objectum
875 1152 924 1205 est
947 1163 1045 1206 causa
1068 1163 1210 1223 praesen·

244 1251 303 1313 tiae
326 1252 442 1334 speciei
467 1252 498 1312 in
523 1252 644 1313 visione
666 1251 825 1313 sensitiva
849 1250 982 1331 quando
1005 1249 1093 1311 visus
1115 1248 1210 1313 infor-

251 1369 358 1420 matur
380 1358 500 1440 specie;
525 1358 582 1420 sed
604 1357 721 1438 species
750 1366 799 1420 est
829 1377 927 1419 causa
950 1357 1132 1438 praesentiae
1152 1357 1209 1419 ob-

241 1464 324 1545 jecti
348 1465 380 1538 in
403 1465 590 1546 cognitione
613 1464 823 1527 abstractiva.
1189 1455 1195 1466 '

317 1572 375 1633 Aa'
395 1571 526 1634 tortium
550 1571 726 1633 dicendum
751 1570 943 1654 quodldato
974 1571 1064 1651 quod
1095 1571 1207 1632 multae

251 1688 415 1761 ponantur
439 1678 561 1759 species
584 1677 616 1739 in
640 1677 814 1750 intellectu,
839 1677 921 1738 sicut
945 1685 1073 1758 oportet
1089 1697 1209 1758 ponere

247 1795 281 1847 et
305 1786 349 1848 sic
373 1785 465 1866 ponit
490 1784 708 1867 Augustinus,
734 1803 785 1867 14.
811 1783 850 1845 do
878 1784 980 1856 Tria„
1005 1803 1071 1844 non
1099 1793 1208 1845 tamen

243 1901 298 1954 est
321 1892 495 1954 intellectio
519 1891 614 1952 simul
641 1892 830 1964 multorum,
855 1891 911 1952 sed
927 1889 1114 1972 intelligitur
1130 1889 1209 1952 illud

250 1998 357 2079 primo
380 1989 473 2078 cujus
496 1997 617 2086 species
641 1997 802 2058 efficacius
826 2006 945 2070 movet,
970 2005 1002 2058 et
1025 2005 1104 2058 tunc
1119 1997 1161 2058 ad
1178 1995 1210 2057 il-

250 2106 305 2166 lud
330 2105 597 2186 cognoscendum
622 2103 773 2165 voluntas
803 2104 936 2184 copulat
965 2103 1068 2165 aciem
1099 2103 1211 2165 intelli·

253 2212 387 2294 gentiae:
412 2231 471 2273 nec
495 2210 649 2291 sequitur,
675 2211 765 2291 quod
796 2209 918 2291 species
947 2210 1009 2271 alia
1040 2231 1209 2291 nunquam

249 2318 394 2380 movebit
417 2317 459 2379 ad
490 2315 741 2379 intellectionem
775 2316 903 2396 objecti,
935 2317 1012 2397 quia
1041 2324 1120 2378 tunc
1150 2317 1210 2379 erit

249 2424 421 2486 intellectio
453 2423 580 2504 objecti,
622 2422 705 2484 sicut
735 2423 829 2505 ponit
859 2423 1076 2504 Augustinus
1108 2442 1140 2504 9.
1171 2425 1211 2486 do

255 2531 286 2593 T
281 2531 357 2602 rin„
385 2531 518 2612 quando
542 2531 693 2591 voluntas
719 2530 852 2612 copulat
868 2529 970 2591 aciem
987 2529 1209 2612 intelligentiae

249 2637 378 2717 objecto
402 2643 642 2718 repraesentato.

315 2743 374 2805 Aa'
392 2743 491 2805 alind
511 2744 687 2805 dicendum
715 2744 805 2825 quod
829 2740 952 2824 duplex
975 2755 1024 2805 est
1041 2743 1153 2824 passio
1176 2744 1209 2807 in

247 2851 425 2925 intellectu;
451 2871 514 2911 una
538 2851 647 2922 realis,
677 2871 742 2931 qua
766 2850 889 2930 species
905 2850 997 2911 realis
1013 2851 1158 2932 gignitur
1174 2851 1207 2913 in

249 2956 329 3038 ipso,
353 2967 386 3018 ct
410 2957 440 3018 in
465 2958 524 3018 ista
548 2957 700 3017 convenit
725 2977 801 3018 curn
827 2977 936 3031 sensu;
960 2957 1023 3018 alia
1038 2967 1086 3019 est
1102 2958 1208 3038 passio

250 3063 484 3134 z'ntontz'onalis,
512 3083 587 3144 quae
613 3063 724 3144 recipit
749 3063 915 3144 objectum
933 3084 989 3145 per
1005 3065 1155 3145 speciem,
1174 3074 1211 3127 ut

248 3169 474 3251 cognoscibile,
499 3181 531 3231 et
556 3169 607 3231 lric
631 3171 747 3232 dicitur
775 3180 884 3232 motus
907 3191 926 3232 a
949 3171 1046 3232 rebus
1068 3172 1110 3232 ad
1141 3172 1209 3233 ani-

252 3297 352 3338 marn,

316 3383 374 3444 Aa
393 3382 491 3444 aliod
511 3404 586 3445 curn
612 3383 728 3445 dicitur
752 3385 842 3465 quod
866 3405 979 3446 sensus
1002 3385 1114 3466 recipit
1137 3406 1210 3467 spe-

249 3490 341 3562 ciem,
366 3490 442 3570 quia
465 3498 513 3550 est
537 3490 682 3570 potentia
706 3491 868 3572 organica,
893 3491 967 3554 dico
983 3493 1074 3574 quod
1090 3501 1138 3554 est
1155 3491 1211 3556 fal·

248 3616 336 3670 sum;
361 3597 417 3657 scd
441 3617 537 3658 causa
568 3618 668 3678 quare
699 3618 812 3659 sensus
844 3598 955 3680 recipit
987 3599 1128 3680 speciem
1159 3609 1209 3663 est

246 3703 325 3783 quia
348 3724 460 3766 sensus
483 3713 531 3764 est
554 3704 700 3784 potentia
722 3705 896 3786 cognitiva.
