2684 4209
251 203 318 265 420
522 187 596 250 Lm.
621 188 636 250 Ι
660 187 953 251 sonnnunmuu

230 392 395 456 tabilitatis
417 393 451 455 in
474 391 653 468 infinitum;
679 413 758 475 ergo
782 393 864 455 inter
879 413 1092 474 quascunque
1112 395 1201 456 duas

230 499 352 581 species
376 501 467 562 Deus
490 510 597 582 potest
620 499 725 562 facere
747 501 843 562 aliam
868 500 1010 581 speciem
1040 501 1195 564 mediam.

231 607 348 670 Minor
362 606 527 687 probatur,
544 607 620 687 quia
636 607 719 670 sicut
735 607 817 669 inter
840 607 995 688 quaelibet
1011 607 1079 669 duo
1096 627 1196 688 punc-

231 723 266 775 ta
290 712 322 774 in
346 712 428 774 linea
451 723 587 795 possunt
609 713 765 794 assignari
782 724 903 793 puncta
920 713 1054 786 infinita,
1080 715 1125 775 ita
1150 714 1196 774 in-

230 829 280 882 ter
303 820 386 881 duos
414 821 535 901 gradus
565 819 789 882 imitabilitatis
813 831 949 901 possunt
984 821 1086 901 accipi
1123 819 1200 882 infi--

234 926 291 988 niti
314 926 376 988 alii.

307 1140 455 1206 Tertia
479 1139 633 1223 opinio
664 1140 795 1213 mediat,
827 1140 903 1220 quia
934 1141 1090 1220 quaedam
1122 1149 1196 1202 sunt

234 1248 356 1329 species
380 1248 588 1320 immediatae,
605 1248 760 1328 quaedam
777 1255 888 1308 autem
907 1247 1069 1319 mediatae,
1086 1257 1118 1308 et
1136 1245 1196 1308 hoc

236 1355 406 1436 supposito
429 1356 519 1436 quod
542 1354 664 1436 species
688 1374 753 1417 non
785 1353 963 1416 consistant
995 1354 1026 1415 in
1057 1353 1197 1414 indivisi-

236 1462 291 1524 bili
315 1463 372 1524 sed
396 1461 537 1523 habeant
560 1461 642 1523 inter
665 1482 699 1523 se
723 1461 925 1523 latitudinem
939 1461 1129 1540 quamdam.
1148 1460 1201 1521 ln-

237 1578 285 1630 ter
308 1568 430 1650 species
452 1577 562 1630 autem
587 1569 793 1630 immediatas
815 1587 881 1630 non
905 1575 1013 1648 potest
1036 1565 1104 1628 fieri
1128 1587 1198 1647 spe-

238 1675 302 1737 cies
327 1675 442 1747 media,
467 1673 630 1755 quiahoc
660 1683 830 1756 repugnat,
862 1673 982 1735 scilicet
1013 1674 1103 1754 quod
1137 1673 1200 1734 sint

238 1782 360 1863 species
383 1781 591 1855 immediatae,
616 1792 648 1844 et
680 1782 770 1862 quod
801 1781 902 1861 possit
933 1781 1015 1843 inter
1045 1801 1100 1842 eas
1131 1778 1198 1841 fieri

240 1889 362 1969 species
387 1887 502 1949 media.
528 1888 572 1949 Et
595 1888 689 1969 ponit
711 1888 900 1968 exemplum
934 1889 975 1949 de
1006 1887 1112 1968 specie
1143 1887 1201 1948 cle-

242 1995 340 2056 menti
364 2002 396 2055 et
419 1995 613 2067 dementati,
627 1995 694 2056 sive
710 1994 853 2076 corporis
869 1993 1023 2075 simplicis
1045 2003 1079 2054 et
1096 1994 1203 2058 mixti

242 2101 296 2162 ubi
322 2101 410 2162 nullo
435 2102 534 2162 modo
558 2101 645 2162 cadit
668 2101 790 2182 species
814 2101 938 2180 media;
964 2101 1130 2181 loquendo
1150 2122 1203 2161 au-

241 2216 307 2269 tem
332 2208 474 2269 secundo
498 2208 608 2277 m0d0‚
633 2207 678 2268 sic
701 2207 890 2268 conceditur
913 2208 1003 2287 quod
1025 2207 1106 2267 inter
1123 2207 1206 2267 duas

242 2312 363 2394 species
387 2315 478 2374 Deus
501 2323 610 2393 potest
633 2313 737 2375 facere
760 2313 856 2374 aliam
880 2314 1031 2394 speciem.

313 2419 354 2480 Si
375 2428 522 2481 tencatur
544 2420 607 2482 ista
631 2419 738 2501 opinio
762 2421 976 2501 respondetur
1000 2419 1203 2498 adprimitur

243 2537 472 2606 argumentum
497 2527 611 2607 primae
635 2527 805 2608 opinionis,
830 2527 919 2608 quod
943 2527 996 2587 illa
1027 2526 1207 2587 similitudo

245 2653 309 2694 non
333 2643 382 2694 est
405 2633 590 2714 simpliciter
614 2655 698 2696 vera.
725 2633 855 2714 Species
877 2633 963 2696 enim
989 2634 1114 2694 numeri
1132 2653 1208 2694 con-

245 2738 424 2801 stituuntur
437 2761 492 2820 per
509 2741 667 2801 unitatem
685 2740 922 2802 indivisibilem.
941 2741 1073 2820 Species
1096 2751 1204 2800 autem

245 2865 353 2906 rerum
378 2846 620 2907 constituuntur
644 2867 701 2927 per
725 2845 846 2908 formas
877 2847 1033 2908 habentes
1069 2845 1209 2907 latitudi-

248 2972 332 3016 nem.
358 2989 398 2999 —
424 2953 482 3013 Ad
502 2954 675 3014 secnmlum
693 2955 880 3015 conceditur
896 2963 984 3014 totus
1001 2953 1126 3034 primus
1146 2953 1210 3031 syl-

248 3059 414 3139 logismus,
452 3061 509 3120 sed
541 3069 676 3141 negetur
709 3060 815 3121 minor
846 3059 1097 3140 prosyllogismi‚
1132 3060 1210 3140 quia

247 3167 339 3228 Deus
353 3176 461 3246 posset
477 3176 570 3228 extra
586 3167 677 3228 illum
696 3168 856 3228 mundum
873 3186 980 3227 creare
996 3165 1095 3227 alium
1115 3186 1210 3227 mun-

247 3273 339 3345 dum,
364 3282 396 3334 et
419 3282 529 3334 tamen
554 3283 687 3354 propter
704 3273 766 3334 hoc
790 3293 855 3334 non
877 3280 1051 3354 poneretur
1067 3292 1210 3332 vacuum

248 3378 427 3460 specierum
452 3379 505 3440 ibi.

315 3486 373 3548 Ad
392 3485 540 3566 primum
564 3497 674 3548 autem
706 3487 858 3548 secundae
890 3484 1061 3566 opinionis,
1094 3484 1212 3546 dicitur

248 3591 339 3669 quod
363 3591 438 3652 duae
462 3592 583 3672 species
607 3592 804 3654 immediatae
829 3593 873 3654 sic
903 3612 937 3654 se
968 3591 1090 3654 habent
1120 3591 1212 3671 quod
