2684 4209
212 247 273 311 170
497 233 570 295 Lus.
596 233 610 295 Ι
635 209 925 297 Sauraurinnuu

186 438 276 520 palis,
300 438 420 500 scilicet
443 439 532 519 quod
556 438 712 500 attributa
735 439 844 520 aliquo
868 438 969 500 modo
992 437 1148 520 distingu-

186 553 284 606 untur
307 566 350 607 ex
374 553 490 606 natura
513 544 558 606 rei

252 651 416 714 Probatur
430 661 562 733 propter
578 651 805 734 Augustinum
818 653 890 715 Lib.
899 670 933 732 5.
946 662 1057 714 contra
1073 653 1155 714 Ma

184 758 361 821 ximinum.
381 758 468 820 Dicit
480 759 566 820 enim
580 759 781 821 Maximinus
794 760 902 821 Deum
916 780 981 821 non
994 780 1063 821 esse
1074 759 1147 820 sim-

186 865 312 947 plicem,
337 865 393 926 sed
417 886 485 926 esse
509 865 551 926 ibi
575 864 636 927 tria
655 866 824 948 supposita
848 866 971 927 realiter
996 866 1145 927 distincta

185 980 298 1034 contra
321 991 419 1052 quem
444 971 488 1032 ait
511 971 736 1053 Augustinus:
762 971 796 1035 Si
813 981 914 1054 potes
940 970 1053 1053 inquit,
1084 972 1146 1033 De-

186 1098 242 1140 um
267 1078 443 1159 intelligere
475 1098 643 1158 magnum,
676 1078 800 1141 bonum
831 1087 864 1141 et
887 1078 1065 1160 sapientem
1089 1088 1151 1140 etc..

185 1185 253 1247 sine
275 1183 520 1266 compositione,
552 1185 722 1265 quomodo
746 1206 811 1247 non
844 1195 937 1267 potes
968 1184 1144 1265 intelligere

186 1290 314 1352 Patrem
331 1300 364 1353 et
389 1290 506 1352 Filium
523 1300 556 1353 et
580 1290 736 1372 Spiritum
754 1290 913 1355 Sanctum
937 1292 970 1353 in
987 1312 1052 1353 una
1067 1290 1142 1352 sim-

186 1396 258 1477 plici
282 1397 442 1459 essentia?
467 1397 531 1460 Sed
555 1397 614 1459 ista
638 1398 720 1459 ratio
748 1418 814 1459 non
846 1398 941 1470 valet,
973 1398 1040 1459 imo
1063 1406 1143 1459 esset

185 1502 264 1565 falsa
287 1514 521 1585 consequenter
538 1504 596 1565 nisi
619 1514 704 1566 esset
727 1504 769 1565 ibi
790 1505 899 1585 aliqua
923 1503 1086 1567 distinctio
1101 1524 1143 1565 ex

186 1618 301 1671 natura
325 1610 378 1672 rei.
405 1610 505 1692 Ergo.

250 1716 413 1779 Prceterea
446 1717 669 1779 Damascenus
701 1703 930 1801 lib.'1.c.4.,
964 1717 998 1781 Si
1019 1716 1142 1797 justum

182 1831 216 1885 et
239 1823 263 1884 si
288 1823 411 1886 bonum
436 1824 516 1885 etsi
541 1825 620 1905 quid
644 1825 708 1886 tale
740 1825 868 1898 dixeris,
894 1844 960 1886 non
992 1833 1142 1885 naturam

186 1930 246 1991 Dei
270 1930 358 2005 dicis,
383 1931 439 1993 sed
463 1951 537 2011 quae
562 1931 645 1993 circa
670 1940 819 1993 naturam
843 1942 930 1993 sunt.

257 2037 360 2099 Tertio
388 2037 449 2099 sic:
483 2036 656 2099 Distinctio
687 2038 918 2100 attributorum
951 2047 1000 2099 est
1030 2035 1150 2098 lunda·-

185 2152 332 2205 mentum
346 2143 557 2205 distinctionis
569 2144 814 2207 emanationum
828 2143 1056 2227 personalium,
1069 2142 1144 2223 quia

186 2249 285 2311 Filius
308 2250 453 2331 procedit
471 2259 506 2311 ut
530 2250 661 2313 verbum
687 2250 717 2311 in
742 2250 915 2323 intellectu,
934 2249 1072 2331 Spiritus
1087 2270 1143 2309 au-

184 2365 250 2418 tem
277 2365 312 2417 ut
334 2377 428 2417 amor
450 2356 481 2418 in
510 2356 688 2418 voluntate.
721 2357 776 2418 Ex
808 2356 871 2418 hoc
901 2356 1049 2438 arguitur
1079 2354 1140 2416 sic:

184 2463 317 2544 quando
339 2462 460 2544 aliquid
491 2472 539 2524 est
570 2463 764 2545 principium
797 2462 892 2525 unius
923 2461 1144 2544 productionis

185 2578 329 2651 respectu
362 2568 454 2649 cujus
485 2570 572 2631 aliud
603 2591 669 2631 non
701 2578 809 2651 potest
839 2590 908 2631 esse
938 2568 1150 2651 principium,

184 2676 236 2737 illa
260 2696 325 2738 non
349 2684 424 2738 sunt
452 2676 537 2738 idem
571 2698 612 2738 ex
646 2686 761 2739 natura
791 2677 852 2751 rei;
884 2676 939 2738 sed
964 2676 1145 2737 intellectus

183 2792 231 2844 est
266 2782 460 2864 principium
497 2783 728 2865 productivum
764 2783 875 2857 Verbi,
911 2782 1062 2844 voluntas
1095 2790 1143 2843 est

183 2889 376 2971 principium
402 2890 631 2971 productivum
661 2888 800 2972 Spiritus
831 2888 950 2962 Sancti,
985 2899 1019 2952 et
1042 2909 1107 2950 non
1127 2908 1152 2949 e·

182 3016 356 3071 converso;
381 3016 469 3079 ergo.
501 2997 725 3077 Respondetur
754 2997 843 3078 quod
874 2997 1011 3060 essentia
1034 2996 1142 3057 divina

183 3122 259 3165 cum
295 3103 501 3165 relationibus
533 3103 704 3185 principiat
739 3103 807 3165 illas
837 3103 979 3165 diversas
1013 3122 1151 3164 emanas

183 3210 295 3271 tiones.
326 3206 445 3272 Contra
469 3209 575 3271 omnis
598 3209 711 3271 relatio
734 3230 830 3291 aeque
861 3209 1048 3272 naturaliter
1084 3228 1151 3271 res·

184 3316 261 3398 picit
285 3336 380 3377 suum
404 3316 650 3397 correlativum3
682 3337 761 3398 ergo
784 3316 922 3378 essentia
952 3315 1061 3377 divina
1083 3316 1144 3378 sub

184 3422 308 3485 ratione
331 3421 446 3484 harum
471 3422 663 3485 relationum
688 3443 783 3503 aeque
806 3422 993 3484 naturaliter
1017 3421 1143 3504 respicit

184 3529 252 3591 illas
268 3528 507 3609 productiones,
523 3537 556 3590 et
579 3529 624 3590 sic
648 3549 713 3589 non
730 3528 862 3610 ponitur
878 3528 910 3590 in
927 3529 1000 3590 Deo
1020 3530 1143 3611 duplex

184 3634 365 3715 productio
391 3634 510 3697 scilicet
533 3634 688 3697 naturalis
710 3644 742 3697 et
766 3634 874 3701 libera.
