2684 4209
266 221 324 283 162
528 222 602 284 Lm.
627 223 641 285 I
667 224 964 287 Saurau'rrnnun

238 426 309 498 ris,·
339 428 557 507 componibile
581 437 668 489 caret
699 428 895 509 perfectione
925 429 995 509 ejus
1027 449 1102 491 cum
1134 449 1206 510 quo

235 542 284 594 est
319 533 554 613 componibile;
579 534 635 595 sed
659 533 822 596 infinitum
861 556 927 597 non
971 544 1058 598 caret
1082 534 1206 617 perfec·

235 639 339 713 tione;
365 658 443 721 ergo
468 660 532 701 non
556 650 604 702 est
628 641 718 702 alteri
741 642 970 723 componibile.

304 852 371 917 Be
400 855 592 919 seeundo
627 854 824 921 Arlr'erclo
858 856 932 918 dico
962 857 1043 917 duas
1074 856 1207 918 conclu-

238 960 358 1021 siones:
384 960 503 1023 Prima
528 962 614 1042 qued
639 962 670 1023 in
696 962 769 1023 Deo
785 983 850 1023 non
875 973 922 1024 est
946 963 1143 1043 compositio
1158 984 1203 1025 ex

236 1067 382 1147 subjecto
413 1076 445 1129 et
483 1068 630 1129 acidentc
661 1069 820 1149 corporali
852 1069 937 1129 sicut
952 1078 999 1130 est
1026 1070 1202 1149 quantitas.

237 1172 385 1235 Secunda
402 1174 491 1255 quod
516 1184 652 1236 nonest
684 1175 726 1236 ibi
752 1175 949 1255 compositio
981 1196 1023 1236 ex
1054 1175 1204 1255 subjecto

234 1289 266 1341 et
282 1282 447 1342 accidente
463 1280 628 1361 spirituali,
653 1282 735 1344 sicut
750 1291 799 1343 est
823 1281 995 1343 intellectio
1019 1290 1050 1343 et
1075 1282 1200 1343 volitio.

299 1383 483 1454 Primam
515 1384 801 1455 Conclusronem
837 1387 954 1469 probat
982 1387 1202 1470 Philosophus

232 1492 265 1557 8.
279 1491 411 1573 Physic.
428 1504 495 1575 cap.
517 1494 574 1556 ult.
586 1518 598 1555 .·
619 1495 710 1556 Deus
732 1494 830 1556 habet
846 1495 1026 1576 potentiam
1039 1494 1199 1556 infinitam

232 1601 288 1663 sed
312 1600 456 1682 potentia
481 1599 605 1662 infinita
637 1622 702 1663 non
727 1610 834 1683 potest
865 1623 933 1663 esse
969 1601 1001 1664 in
1034 1603 1199 1683 magnitu-

233 1708 324 1782 dine;
349 1728 428 1790 ergo
452 1707 543 1769 Deus
567 1729 631 1770 non
656 1708 755 1770 habet
783 1709 1055 1790 magnitudinem.
1080 1709 1201 1771 Proba-

232 1815 277 1876 tio
302 1814 448 1885 minoris
477 1814 553 1895 quia
577 1816 722 1895 potentia
745 1814 868 1877 infinita
891 1815 941 1877 vel
970 1824 1053 1877 esset
1076 1816 1107 1876 in
1131 1835 1200 1876 ma-

232 1921 400 2002 gnitudine
425 1918 557 1992 infinita,
582 1930 614 1981 et
639 1920 700 1982 hoc
725 1942 800 1995 non,
826 1922 903 2002 quia
927 1922 1014 1983 nulla
1036 1922 1108 1983 talis
1132 1942 1200 1983 ma-

232 2028 371 2108 gnitudo
394 2036 451 2099 est,
478 2035 513 2088 ut
529 2027 685 2108 probatur
705 2046 738 2107 3.
756 2027 856 2108 Plrys.
882 2037 1029 2089 tractatu
1053 2029 1104 2089 De
1118 2028 1199 2111 Infi-

232 2134 323 2206 m'lo,·
348 2134 397 2195 vel
423 2142 504 2194 esset
528 2133 560 2193 in
594 2134 818 2215 magnitudine
842 2134 940 2207 finita,
972 2144 1005 2196 et
1031 2134 1093 2215 hoc
1118 2155 1196 2206 non,

229 2240 305 2322 quia
331 2240 433 2319 major
457 2240 558 2301 virtus
581 2250 629 2301 est
653 2240 685 2301 in
711 2240 825 2320 majori
851 2241 1091 2323 magnitudine;
1115 2262 1199 2322 ergo

230 2345 355 2408 infinita
378 2346 478 2407 virtus
495 2355 542 2407 est
559 2346 591 2407 in
616 2345 740 2408 infinita
758 2348 998 2428 magnitudine;
1023 2368 1110 2429 ergo.
1132 2348 1196 2409 Ra-

230 2454 276 2514 tio
299 2453 359 2514 ista
382 2462 466 2514 esset
481 2454 610 2526 efficax,
628 2453 651 2515 si
677 2454 728 2515 illa
744 2454 845 2516 virtus
860 2464 1034 2535 poneretur
1056 2463 1196 2515 extensa

231 2560 272 2622 ad
296 2560 521 2622 extensionem
548 2560 795 2641 magnitudinis;
820 2561 876 2622 sed
900 2562 925 2621 si
951 2560 1081 2642 ponitur
1101 2561 1195 2642 quod

232 2686 297 2728 non
322 2666 362 2727 sit
385 2675 529 2739 extensa,
563 2666 630 2727 imo
660 2667 750 2747 quod
774 2668 813 2729 sit
836 2668 982 2747 ejusdem
1007 2667 1136 2729 rationis
1160 2666 1194 2728 in

232 2781 323 2854 parte
346 2782 377 2833 et
402 2772 432 2833 in
457 2781 538 2845 tot0,
569 2773 652 2834 sicut
683 2774 813 2854 ponitur
837 2774 877 2835 de
907 2773 1017 2834 anima
1048 2774 1194 2835 rationali

232 2898 307 2959 quae
331 2887 400 2940 tota
424 2889 472 2940 est
496 2878 527 2939 in
551 2888 623 2940 toto
646 2887 679 2940 et
703 2879 735 2940 in
758 2880 902 2961 qualibet
925 2889 1017 2961 parte
1039 2878 1192 2961 corporis,

230 2993 309 3046 tunc
332 2994 564 3067 argumentum
597 3006 661 3048 non
696 2986 870 3059 concludit,
896 2986 972 3067 quia
1002 2986 1103 3047 virtus
1124 2984 1195 3046 infi-

232 3090 298 3152 nita
320 3100 404 3153 esset
427 3091 458 3152 in
484 3092 711 3173 magnitudine
734 3091 868 3154 infinita.

297 3198 374 3261 ldeo
390 3198 480 3260 aliter
498 3198 653 3280 probatur
667 3199 841 3262 Conclusio
857 3199 918 3261 sic:
937 3200 1079 3261 Remoto
1094 3197 1191 3280 priori

229 3314 415 3367 removetur
439 3305 614 3386 posterius;
639 3306 696 3367 sed
719 3306 913 3387 compositio
936 3326 979 3367 ex
1003 3306 1136 3366 materia
1159 3314 1192 3365 et

231 3410 334 3472 forma
357 3420 405 3474 est
429 3411 515 3493 prior
539 3412 774 3493 compositione
798 3412 940 3494 partium
965 3412 1194 3493 quantitativa-

231 3537 313 3589 rum,
338 3526 370 3578 et
415 3518 467 3579 illa
492 3538 556 3580 non
582 3519 730 3601 ponitur3
762 3539 841 3600 ergo
865 3540 923 3581 nec
955 3519 1024 3580 ista.
1050 3554 1094 3564 -
1118 3519 1194 3579 Pos-

229 3632 303 3684 sunt
326 3624 424 3685 etiam
448 3626 565 3688 adduci
590 3626 631 3687 ad
655 3626 743 3686 illam
769 3626 1018 3689 Conclusionem
1051 3625 1194 3687 rationes
