2684 4209
263 223 306 286 86
508 223 581 286 Lm.
607 225 621 286 Ι
646 224 939 288 Sournurrnaun

236 436 285 492 est
319 427 486 491 sciendum
521 430 610 510 quod
650 450 708 510 per
741 429 1023 511 oepnz‘vocattbnem
1054 429 1202 510 quando-

235 554 301 615 ¹que
335 535 492 616 accipitur
530 536 699 618 analogia,
742 536 843 599 etsie
872 536 996 618 Porph)
1007 535 1073 598 rius
1100 544 1197 598 vocat

236 639 280 702 ibi
303 642 510 722 aequivocum
535 644 712 725 analogum
721 663 728 718 ;
753 653 863 706 tamen
888 643 940 704 illa
972 643 1122 724 analogia
1149 651 1200 705 est

236 749 472 828 compossibilis
496 749 725 823 univocationi,
750 760 787 812 ut
802 750 926 813 dictum
943 758 992 811 est
1007 770 1114 832 supra.
1137 749 1200 811 En

236 854 308 915 dem
332 855 423 916 rnodo
447 855 562 917 dicitur
586 857 684 919 etiam
709 857 751 918 ad
783 856 1094 919 Commentatorem.
1126 856 1200 918 Ali-

237 968 286 1021 ter
307 970 417 1023 autem
442 970 549 1042 potest
573 963 634 1025 dici
658 963 748 1044 quod
772 963 831 1044 ipsi
855 964 1037 1025 excludunt
1059 963 1100 1025 ab
1123 973 1202 1026 ente

238 1067 498 1129 univocationem
524 1069 854 1150 praedicamentalem.

302 1173 360 1236 Ad
385 1155 483 1236 alind
510 1175 583 1237 dico
611 1177 701 1256 quod
730 1174 947 1256 Philosophus
986 1195 1018 1258 4.
1048 1174 1197 1257 Metaplr.

194 1333 200 1342 .
237 1279 329 1359 ponit
352 1280 597 1343 attributionem
627 1282 709 1344 inter
736 1282 858 1363 specics
886 1283 1032 1362 ejusdem
1061 1283 1199 1364 generis,

237 1395 403 1449 ettamen
427 1388 643 1449 univocantur
668 1389 700 1449 in
725 1408 852 1470 genere.
877 1390 926 1450 lta
949 1398 997 1451 est
1022 1389 1052 1450 in
1077 1409 1199 1471 propo-

236 1491 314 1554 sito:
339 1513 396 1555 ens
419 1493 536 1556 dicitur
560 1496 601 1557 de
624 1495 753 1557 entibus
776 1495 953 1577 analogice,
970 1505 1003 1558 et
1018 1505 1127 1582 tamen
1149 1505 1201 1558 est

236 1597 280 1659 ibi
305 1599 498 1663 univocatio.

303 1706 362 1767 Ad
382 1707 534 1769 ultimum
559 1709 632 1770 dico
655 1710 745 1790 quod
769 1709 879 1770 minor
905 1718 954 1770 est
977 1707 1064 1780 salsa,
1093 1710 1144 1770 vel
1172 1709 1198 1771 si

236 1819 285 1873 est
308 1815 393 1886 ver'a,
418 1833 483 1875 non
507 1824 556 1877 est
579 1815 788 1897 intelligenda
812 1816 871 1876 nisi
901 1817 942 1878 de
970 1815 1200 1877 univocatione
1288 1859 1291 1862 -
1334 1789 1336 1811 Ι

236 1917 268 1979 in
293 1939 411 2000 genere
433 1930 466 1982 et
489 1941 554 1982 non
578 1923 619 1984 de
643 1923 893 1984 transcendenti.

605 2133 780 2215 Qumsmo
805 2148 839 2196 11.

542 2293 687 2357 Secundo
714 2296 892 2377 queritur:

290 2447 396 2504 Utrum
421 2451 564 2518 qulrlrlltm
593 2453 634 2507 rel
659 2453 818 2508 materlalls
842 2454 880 2507 slt
905 2454 1029 2521 prlmum
1053 2453 1198 2522 objectum

235 2535 398 2593 Intellectus
416 2540 506 2595 nostrl
525 2556 561 2595 ex
580 2544 688 2596 natum
706 2542 858 2608 potent-lae.

304 2669 349 2730 Et
365 2667 491 2729 videtur
504 2669 592 2748 quod
606 2669 659 2730 sic.
679 2687 704 2730 1.
727 2667 813 2749 Quia
832 2669 985 2751 objectum
1016 2670 1197 2750 proportio

236 2786 332 2840 natur
350 2775 523 2856 poterrtz'oe‚·
548 2776 603 2836 sed
629 2775 793 2856 objectum
820 2777 974 2857 potentiae
1006 2777 1200 2839 immateria-

237 2883 283 2957 lis,
302 2892 380 2964 puta
397 2882 576 2944 intellectus
592 2882 700 2954 divini,
718 2892 766 2944 est
782 2883 946 2964 quidditas
961 2884 1195 2959 immaterialis;

235 3010 314 3071 ergo
338 2988 503 3068 objectum
530 2988 710 3051 intellectus
726 2991 824 3052 nostri
848 2991 903 3070 qui
931 3001 979 3051 est
1003 2990 1198 3070 conjunctus

237 3095 380 3157 materiae
404 3095 464 3157 erit
488 3095 652 3175 quidditas
677 3097 858 3157 materialis.

305 3219 333 3262 2.
358 3203 527 3274 Praeterea,
552 3201 683 3266 intimus
711 3203 891 3264 intellectus
920 3202 1019 3265 habet
1047 3203 1196 3264 infimum

235 3308 433 3390 intelligibile
457 3329 517 3389 pro
546 3309 689 3389 object03
719 3311 775 3371 sed
803 3310 983 3374 intellectus
1011 3320 1119 3372 noster
1150 3318 1199 3372 est

234 3414 366 3477 infimus
389 3415 421 3476 in
439 3436 556 3496 genere
572 3415 804 3490 intellectuum,
826 3417 1005 3478 secundum
1023 3416 1198 3479 Commen-

234 3529 383 3595 tatorem,
403 3539 438 3600 j.
467 3523 506 3584 de
533 3522 672 3596 Animas
701 3544 781 3604 ergo
809 3523 907 3585 habet
931 3521 1079 3584 infimum
1104 3523 1198 3585 intel-

234 3626 354 3709 ligibile
376 3649 436 3710 pro
460 3628 598 3709 objecto,
625 3629 689 3692 Sed
714 3629 791 3691 illud
815 3639 864 3691 est
887 3629 1050 3710 quidditas
1066 3629 1110 3691 rei
1132 3650 1199 3693 ma-

233 3733 364 3809 terialis3
388 3755 477 3816 ergo,
502 3744 562 3798 etc.

1334 2798 1336 2880 l
