2684 4209
372 271 559 333 Drsrrncr.
584 271 617 332 V
642 269 789 350 QuAEsr.
814 271 844 334 ΙΙ
1034 289 1090 352 131

147 484 238 539 tenta
263 477 294 537 in
319 475 446 538 formali
469 477 609 538 termino
633 476 868 558 generationis;
892 478 948 540 sed
971 479 1109 543 essentia

147 603 214 646 non
246 582 430 645 continetur
461 583 521 645 sub
553 583 716 658 relatione,
747 584 825 665 quia
859 585 997 646 essentia
1031 585 1111 650 dicit

146 688 379 772 perfectionem
408 689 603 771 simpliciter,
633 690 745 752 relatio
772 700 884 752 autem
917 711 997 768 non;
1030 711 1111 774 ergo

143 797 286 859 essentia
315 805 364 858 est
394 794 536 858 formalis
567 795 725 859 terminus
761 797 986 879 generationis.
1030 799 1111 862 Tum

147 905 223 985 quia
248 903 300 965 illa
323 903 496 985 productio
519 923 585 965 non
609 912 658 964 est
682 903 847 985 generatio
862 904 919 966 sed
936 905 1040 987 magis
1060 925 1109 968 es-

146 1019 195 1072 set
220 1010 358 1072 mutatio
382 1010 423 1072 ad
446 1009 645 1082 relationem,
671 1030 747 1071 nam
773 1011 968 1073 mutationes
983 1021 1017 1073 et
1044 1032 1110 1074 mo

142 1126 198 1180 tus
221 1115 447 1198 specificantur
470 1136 513 1177 ex
537 1115 692 1189 terminis,
718 1126 754 1177 ut
778 1125 867 1198 patet
896 1137 952 1198 per
985 1117 1112 1181 Aristo

143 1225 242 1286 telem
267 1227 300 1286 et
323 1222 625 1286 Commentatorem
646 1240 681 1305 5.
706 1221 808 1303 Plzys.

212 1327 384 1398 Secundo
398 1325 660 1414 principaliter
675 1331 823 1412 arguitur
838 1331 897 1392 sic:
916 1330 967 1392 De
983 1331 1107 1395 ratione

143 1437 289 1500 materiae
313 1447 361 1499 est
384 1435 606 1518 praeexistere
631 1437 687 1498 sed
710 1436 848 1499 essentia
880 1458 946 1499 non
969 1438 1108 1519 praeexi-

139 1546 199 1608 stit
223 1544 282 1606 nisi
304 1544 337 1606 in
368 1544 477 1620 Patre;
509 1563 588 1624 ergo
619 1543 644 1604 si
675 1543 812 1605 essentia
844 1543 976 1605 haberet
1008 1545 1104 1606 ratio·

142 1672 218 1713 nem
244 1650 387 1712 materiae
411 1650 462 1711 vel
486 1649 577 1730 quasi
603 1651 757 1722 materiae,
783 1649 846 1712 hoc
869 1650 975 1711 solum
998 1660 1047 1711 est
1070 1651 1103 1714 in

141 1759 248 1820 Patre.
275 1757 362 1819 Tum
394 1757 540 1838 arguitur
571 1757 629 1818 sic:
663 1756 710 1817 llli
741 1756 916 1838 acquiritur
947 1757 1106 1820 terminus

137 1863 286 1926 formalis
309 1863 533 1945 generationis,
559 1862 652 1943 cujus
675 1872 724 1924 est
748 1863 896 1940 materia;
921 1863 976 1924 sed
993 1863 1025 1924 in
1048 1863 1106 1925 Pa·

140 1981 190 2033 tre
212 1981 262 2032 est
286 1971 419 2032 materia
442 1970 492 2031 vel
516 1971 606 2051 quasi
633 1970 767 2031 materia
791 1991 847 2051 per
871 1979 912 2043 te,
937 1979 975 2030 ut
998 1979 1102 2033 osten-

136 2099 215 2140 sum
239 2086 304 2154 est;
327 2097 407 2159 ergo
431 2067 516 2138 Patri
540 2077 717 2158 acquiritur
740 2077 897 2138 terminus
914 2074 1101 2157 productio-

139 2185 198 2247 nis.
225 2183 290 2247 Sed
314 2183 393 2245 illud
417 2183 469 2245 cui
492 2184 668 2265 acquiritur
693 2183 851 2246 terminus
879 2182 1103 2263 productionis

138 2301 189 2353 est
214 2290 315 2352 Filius
338 2289 388 2352 vel
421 2289 559 2372 Spiritus
587 2289 736 2364 Sanctus;
761 2310 840 2372 ergo
864 2291 958 2351 Pater
981 2299 1030 2350 est
1054 2289 1107 2351 Fi-

138 2398 200 2460 lius
223 2397 274 2458 vel
299 2396 437 2478 Spiritus
462 2397 610 2468 Sanctus
628 2397 718 2477 quod
745 2406 794 2459 est
810 2395 1013 2458 haereticum.

211 2499 331 2569 Tertio
354 2503 412 2565 sic:
450 2502 593 2584 Quando
617 2503 658 2564 ad
694 2502 942 2585 productionem
970 2502 1103 2566 effectus

135 2609 304 2672 concurrit
341 2610 485 2671 activum
524 2619 557 2672 et
595 2610 771 2691 passivum,
812 2609 898 2690 prior
936 2617 985 2670 est
1015 2619 1107 2671 natu·

139 2719 247 2780 raliter
272 2715 430 2778 habitudo
453 2715 548 2778 activi
572 2716 613 2778 ad
631 2716 807 2798 passivum,
824 2736 924 2796 quam
946 2715 987 2776 sit
1008 2714 1106 2778 utriu-

136 2844 221 2906 sque
244 2824 285 2884 ad
309 2824 523 2905 productum;
547 2843 626 2905 ergo
650 2823 675 2884 si
700 2823 732 2885 in
762 2824 856 2884 Patre
877 2831 926 2885 est
942 2822 1105 2885 foecundi-

137 2941 188 2993 tas
219 2930 325 2992 activa
356 2940 388 2992 et
418 2929 540 3011 aliquid
563 2930 819 3011 correspondens
841 2930 934 3011 quasi
970 2929 1105 2992 materia

135 3037 179 3100 ad
208 3036 458 3118 productionem
484 3037 565 3112 Filii,
591 3037 677 3118 prior
689 3037 749 3098 erit
761 3036 920 3099 habitudo
936 3035 1102 3098 foecundi·

133 3143 212 3207 tatis
236 3144 278 3206 ad
310 3143 493 3218 essentiam,
525 3164 624 3226 quam
658 3145 699 3206 sit
730 3143 889 3206 habitudo
925 3143 1027 3204 Patris
1058 3142 1100 3205 ad

138 3251 274 3328 Filium;
298 3259 431 3313 etcum
455 3251 508 3312 illa
531 3251 691 3312 habitudo
715 3271 779 3312 non
804 3251 844 3312 sit
868 3250 1008 3312 rationis
1029 3258 1105 3312 tan·

133 3367 218 3431 tum,
245 3357 390 3439 sequitur
413 3357 503 3439 quod
527 3358 559 3420 in
582 3357 699 3419 divinis
722 3358 764 3419 sit
779 3357 887 3438 aliqua
907 3356 1018 3419 relatio
1035 3377 1103 3418 rea-

135 3464 179 3526 lis
203 3463 291 3545 prior
315 3463 368 3525 illa
397 3465 550 3527 relatione
580 3485 655 3546 quae
688 3474 737 3526 est
767 3465 870 3526 Patris
900 3463 942 3525 ad
967 3461 1099 3536 Filium,

132 3571 228 3652 quod
252 3579 302 3632 est
324 3568 452 3632 falsum.
