2684 4209
261 248 304 314 70
526 235 601 298 L1ss.
627 238 639 299 1
665 236 960 302 Snunnunnnuu

238 441 530 506 manifestationem
555 443 697 506 veritatis
723 444 756 506 in
787 455 870 506 ente.
903 443 1049 508 Secundo
1079 446 1201 508 videbi-

237 555 291 611 tur
313 549 338 610 si
362 569 419 612 ens
442 550 482 612 sit
505 551 722 632 aequivocum.
754 551 858 614 Tertio
880 551 905 614 si
929 572 987 615 ens
1009 563 1058 614 est
1087 552 1200 614 univo-

237 675 324 718 cum.
353 655 477 732 Quarto
500 658 524 720 si
558 657 609 718 illa
649 658 833 720 univocatio
874 668 927 744 est
964 659 1201 741 compossibilis

237 782 313 824 cum
338 763 495 857 anaiogia.
525 762 645 839 Quinto
668 753 923 828 'removebuntur
948 766 1087 829 rationes
1114 766 1201 828 Doc-

229 877 345 931 torum
369 870 487 951 quibus
511 871 656 933 nituntur
680 872 791 934 tollere
815 873 1077 936 univocationem
1101 873 1193 935 entis.

305 1082 369 1149 Be
397 1084 548 1149 Primo
564 1084 764 1150 Artae'oulo
780 1106 868 1166 pono
892 1085 986 1148 istam
1011 1086 1202 1168 propositio

239 1209 324 1264 nem,
349 1191 438 1272 quod
462 1211 518 1253 ens
542 1191 641 1253 habet
665 1192 834 1273 proprium
858 1202 1054 1273 conceptum
1079 1193 1202 1274 quiex

238 1317 272 1358 se
296 1318 361 1359 non
385 1307 432 1360 est
456 1298 517 1360 Dei
542 1319 646 1380 neque
677 1309 833 1360 creaturae
865 1319 924 1361 nec
954 1299 1090 1380 alicujus
1121 1300 1200 1361 divi-

237 1403 343 1467 dentis
367 1405 472 1486 ipsum
492 1405 612 1486 prima,
640 1406 730 1486 quod

304 1506 496 1579 Probatur
519 1512 576 1574 sic:
603 1512 790 1593 Conceptus
806 1533 871 1574 non
888 1512 1105 1574 convertibilis
1121 1532 1198 1574 cum

238 1617 347 1698 aliquo
371 1617 468 1680 habet
492 1619 659 1700 proprium
684 1629 716 1680 et
736 1619 925 1681 distinctum
941 1629 1138 1700 conceptum
1154 1618 1198 1680 ab

238 1721 302 1785 ilio,
328 1722 392 1786 Sed
416 1735 592 1806 conceptus
615 1726 697 1788 entis
720 1726 825 1787 taliter
848 1746 881 1787 se
906 1724 1002 1787 habet
1016 1726 1067 1787 'ad
1091 1726 1200 1787 Deum

237 1838 270 1892 et
293 1831 335 1892 ad
358 1840 553 1906 creaturam3
578 1832 654 1913 quia
677 1833 703 1894 si
733 1833 823 1895 Deus
853 1841 911 1904 est,
942 1853 1022 1914 ergo
1052 1852 1110 1894 ens
1140 1841 1201 1904 cst,

238 1947 271 1999 et
295 1957 358 1998 non
383 1958 590 2012 econverso,
615 1938 763 2020 quinimo
786 1940 1007 2001 convertendo
1030 1947 1112 2000 esset
1127 1937 1202 2019 fal-

238 2043 325 2106 lucia
348 2045 573 2126 consequentis.
599 2045 690 2127 Ergo
713 2067 770 2108 ens
794 2045 892 2107 habet
923 2045 1092 2127 proprium
1123 2065 1200 2106 con-

238 2159 382 2231 ceptum.

305 2257 473 2330 Praeterea,
503 2259 578 2339 quia
614 2259 811 2341 impossibile
841 2268 890 2320 est
917 2259 1057 2320 eundem
1089 2279 1203 2321 conce-

238 2373 332 2444 ptum
356 2385 425 2427 esse
447 2377 568 2428 certum
592 2375 624 2427 et
648 2366 805 2428 incertum
829 2367 935 2428 eidem
960 2365 1143 2436 intellectui,
1168 2387 1199 2426 a·

239 2469 309 2532 liter
325 2473 572 2535 contradictoria
588 2472 827 2535 verificarentur
844 2474 884 2535 de
900 2474 1026 2535 eodem.
1045 2473 1109 2535 Sed
1126 2493 1202 2534 con-

238 2587 351 2657 ceptus
374 2579 455 2640 entis
479 2589 526 2640 est
549 2591 662 2650 certus,
691 2588 762 2640 tum
787 2581 864 2660 quia
887 2581 994 2661 primo
1025 2580 1198 2661 impressus
1236 2633 1240 2640 .

238 2683 367 2756 animae,
391 2694 462 2746 tum
487 2685 563 2766 quia
587 2707 643 2768 per
667 2707 701 2748 se
725 2695 822 2748 notus
847 2707 902 2767 per
920 2687 1057 2748 Avicen.
1083 2687 1197 2749 1.Me-

238 2787 342 2870 taple.;
374 2802 551 2872 conceptus
582 2802 693 2855 autem
719 2793 780 2854 Dei
805 2794 871 2856 sive
888 2801 1043 2856 creaturae
1061 2802 1200 2855 nonest

238 2907 353 2968 certus,
378 2918 454 2960 cum
478 2899 510 2960 in
535 2897 597 2960 hoc
626 2900 823 2962 dubitemuS.
849 2900 941 2982 Ergo
963 2909 1024 2961 etc.

310 3001 428 3067 Contra
453 3005 550 3067 istam
569 3007 817 3086 propositionem
841 3007 987 3081 instatur,
1009 3005 1086 3087 quia
1101 3006 1126 3068 si
1142 3026 1201 3068 ens

238 3107 370 3172 haberet
394 3111 492 3173 talem
516 3121 722 3194 conceptum,
747 3121 825 3174 tunc
849 3113 985 3174 intentio
1016 3113 1098 3175 entis
1128 3134 1202 3194 pos-

237 3224 286 3278 set
309 3216 450 3279 abstrahi
474 3239 493 3280 a
510 3219 592 3292 Deo,
610 3218 700 3299 quod
716 3228 764 3280 est
780 3219 1018 3294 inconveniens,
1036 3231 1105 3282 tum
1121 3219 1198 3300 quia

240 3319 331 3385 Deus
354 3345 412 3404 per
436 3333 585 3386 naturam
609 3334 657 3388 est
682 3346 801 3406 purum
818 3347 895 3398 esse,
913 3337 982 3389 tum
999 3327 1075 3408 quia
1091 3335 1202 3408 posset

237 3427 370 3511 intelligi
395 3451 460 3492 non
484 3451 562 3493 esse.

234 3554 238 3560 ·
282 3535 450 3611 Praeterea,
475 3537 534 3600 iste
558 3547 744 3619 conceptu5‚
773 3560 849 3601 cum
881 3540 921 3602 sit
952 3539 1111 3621 proprius,
1142 3548 1202 3602 aut

235 3641 337 3723 seipso
360 3641 567 3726 distinguitur
590 3666 609 3706 a
633 3654 792 3727 conceptu
817 3645 989 3726 cujuslibet
1018 3647 1101 3709 entis
1130 3667 1202 3728 spe-
