2684 4209
356 246 545 315 Drsrrucr.
571 250 671 313 XXX
696 250 843 332 QuAEsr.
873 251 903 313 11
1057 265 1119 330 327

246 453 451 522 Secunda
474 455 707 522 Conclusio
721 467 770 518 est
785 457 875 538 quod
899 464 1031 538 propter
1048 455 1142 518 istam

180 582 300 624 novam
332 562 520 625 relationem
551 563 583 625 in
615 572 762 625 creatura
793 563 880 624 nulla
911 583 996 624 nova
1032 563 1144 625 relatio

177 668 321 751 exigitur
345 669 377 731 in
402 669 475 731 Deo
498 669 763 751 correspondens.
789 668 891 749 Cujus
908 670 989 730 ratio
1004 679 1052 732 est
1069 669 1140 744 ista,
1175 715 1181 728 .

179 776 256 858 quia
279 775 305 837 si
328 776 513 857 exigeretur
529 776 562 838 in
578 775 652 838 Deo
667 796 753 837 nova
769 776 882 838 relatio
897 776 939 838 ad
952 785 1144 848 creaturam,

178 891 235 945 aut
258 882 312 944 illa
334 891 418 945 esset
439 883 540 945 realis
562 892 619 945 aut
641 882 790 945 rationis.
814 883 889 944 Non
907 882 1012 964 primo
1030 883 1140 949 modo.

178 989 255 1072 quia
278 990 454 1071 probatum
477 998 526 1051 est
560 989 592 1050 in
620 989 762 1052 Proeced.
800 987 939 1064 Quaem,
980 989 1069 1070 quod
1113 989 1144 1051 in

179 1096 253 1159 Deo
275 1117 341 1158 non
364 1104 414 1159 est
437 1096 547 1158 relatio
571 1095 662 1157 realis
686 1095 728 1158 ad
745 1105 939 1172 creaturam;
955 1117 1021 1158 non
1045 1096 1142 1158 etiam

177 1203 321 1265 secundo
346 1203 457 1276 modu,
481 1202 558 1284 quia
582 1202 643 1265 ista
666 1202 781 1264 relatio
812 1203 943 1265 rationis
974 1211 1031 1264 aut
1062 1213 1146 1264 esset

175 1308 332 1371 fabricata
354 1329 411 1390 per
441 1317 551 1371 actum
576 1309 756 1372 intellectus
786 1309 897 1382 creati,
921 1320 954 1371 et
979 1309 1041 1371 hoc
1067 1329 1144 1380 non,

178 1416 255 1497 quia
285 1416 362 1477 dato
396 1416 486 1497 quod
511 1416 633 1478 'nullus
671 1425 755 1478 esset
790 1415 970 1478 intellectus
1008 1424 1144 1486 creatus,

177 1521 287 1585 adhuc
309 1531 455 1584 creatura
471 1522 630 1585 diceretur
642 1522 772 1584 relative
788 1523 829 1584 ad
843 1520 968 1596 Deum;
986 1532 1042 1583 aut
1062 1531 1145 1584 esset

178 1650 236 1710 per
258 1638 369 1691 actum
386 1629 566 1692 intellectus
582 1629 692 1701 divini,
721 1639 752 1690 et
778 1627 841 1691 hoc
865 1649 941 1702 non,
966 1629 1042 1710 quia
1065 1638 1144 1690 tunc

178 1735 358 1798 intellectus
381 1735 509 1798 divinus
533 1743 723 1809 mutaretur,
748 1745 780 1797 et
805 1735 866 1797 hoc
890 1756 967 1807 non,
984 1735 1060 1816 quia
1078 1755 1144 1796 non
1184 1741 1189 1752 '

178 1851 287 1923 potest
309 1842 430 1924 aliquid
458 1841 593 1904 transire
613 1843 654 1903 de
682 1863 749 1904 uno
772 1841 1024 1904 contradictorio
1039 1842 1081 1904 ad
1110 1862 1143 1901 a·

178 1948 255 2022 liud,
283 1947 352 2010 sine
379 1948 576 2025 mutatione;⁸
592 1949 648 2010 sed
664 1968 772 2011 creare
799 1957 831 2010 et
854 1969 920 2010 non
936 1968 1044 2010 creare
1068 1957 1145 2009 sunt

176 2054 438 2129 contradictoria;
454 2075 533 2137 ergo
550 2054 642 2117 Deus
658 2075 723 2117 non
741 2064 850 2137 potest
865 2053 987 2136 aliquid
1000 2054 1041 2116 de
1057 2075 1145 2117 novo

178 2161 210 2223 in
234 2181 268 2223 se
291 2181 399 2223 creare
421 2161 489 2224 sine
513 2162 705 2224 mutatione.

251 2374 398 2441 Tertia
429 2374 662 2442 Conclusst'o
684 2385 732 2437 est
759 2375 849 2456 quod
878 2394 998 2436 novam
1021 2375 1145 2437 relatio-

176 2501 254 2543 nem
277 2490 434 2544 creaturae
457 2482 499 2544 ad
524 2482 632 2544 Deum
649 2481 803 2544 terminat
820 2481 910 2544 Deus
930 2481 991 2543 sub
1020 2481 1144 2543 ratione

174 2588 327 2651 absoluti.
352 2588 410 2651 Ad
426 2589 519 2668 cujus
540 2589 735 2651 evidentiam
760 2588 942 2650 notandum
959 2588 1048 2668 quod
1073 2587 1140 2650 Phi·

177 2694 334 2777 losophus
349 2695 443 2776 ponit
452 2712 487 2778 5.
505 2693 652 2776 Metaplt.
670 2705 735 2756 tres
751 2695 868 2756 modos
884 2694 1045 2756 relationis
1062 2694 1144 2756 scili-

175 2811 233 2864 cet·
246 2802 383 2863 modum
396 2802 534 2875 numeri,
548 2802 685 2863 modum
695 2801 848 2881 polentiae
864 2809 896 2862 et
910 2801 1046 2876 modurn
1060 2821 1144 2862 men-

174 2927 271 2970 suroe.
286 2907 331 2970 Et
346 2908 440 2989 ponit
456 2906 670 2970 differentiam
688 2927 744 2988 per
769 2907 832 2969 hoc
849 2908 938 2988 quod
965 2907 996 2968 in
1013 2907 1144 2968 duobus

176 3014 290 3096 primis
302 3014 407 3076 modis
423 3022 471 3077 est
487 3023 602 3076 mutua
618 3013 739 3087 relatio,
758 3015 789 3075 in
810 3014 903 3076 tertio
915 3023 1025 3075 autem
1044 3014 1144 3075 modo

177 3141 244 3183 non
256 3129 305 3183 est
321 3116 434 3184 relatio
448 3131 571 3195 mutua,
584 3122 668 3183 sicut
684 3130 774 3202 patet
786 3121 828 3183 de
842 3121 974 3183 scientia
986 3128 1019 3182 et
1030 3119 1141 3182 scibili.

176 3227 265 3290 Nam
288 3227 421 3289 scientia
444 3228 561 3290 dieitur
577 3227 618 3289 ad
646 3227 766 3301 scibile,
792 3228 847 3289 sed
872 3247 938 3289 non
963 3247 1061 3289 omne
1083 3226 1143 3289 sci-

177 3333 241 3396 bile
256 3334 372 3396 dicitur
396 3334 437 3396 ad
461 3334 639 3397 scientiam.
664 3334 863 3414 Exemplum
880 3333 921 3395 de
944 3334 1144 3414 quadratura

174 3440 295 3503 circuli.
321 3440 386 3504 Sed
403 3460 517 3503 omnes
540 3441 710 3503 relationes
726 3461 801 3522 quae
826 3450 902 3502 sunt
925 3439 1007 3502 inter
1031 3439 1140 3502 Deum

173 3555 209 3609 et
232 3555 413 3609 creaturam
437 3556 514 3609 sunt
536 3547 578 3610 de
600 3547 696 3610 tertio
721 3547 831 3622 modo;
856 3567 935 3628 ergo
952 3564 1017 3608 non
1035 3555 1083 3608 est
1099 3545 1141 3608 ibi

175 3661 292 3716 mutua
321 3653 444 3734 relatio,
468 3653 512 3716 ita
536 3655 626 3735 quod
657 3663 815 3716 creaturae
840 3653 993 3715 dicuntur
1010 3652 1143 3714 relative
