2684 4209
271 241 335 319 316
505 203 508 208 .
533 240 607 304 Lm.
633 240 647 302 I
671 239 965 304 Sauranrmnun

243 445 369 507 tionem
393 465 459 508 non
486 454 656 527 tamquam
688 465 792 530 suam,
817 445 874 507 sed
903 452 1075 526 tamquam
1100 445 1218 507 datam

243 552 288 614 ab
300 551 492 618 adversario.
505 587 550 599 -
562 552 620 615 Ad
631 552 806 614 secundom
816 551 1043 632 probationem
1057 552 1142 614 illius
1156 549 1219 612 mi-

246 658 346 730 noris,
374 658 448 721 dico
470 659 561 740 quod
585 658 761 740 paternitas
792 658 870 721 dicit
894 658 1031 720 modum
1063 677 1219 720 commu-

245 764 375 826 nicandi
398 774 430 827 et
454 765 591 828 modum
622 764 758 827 essendi.
782 801 826 811 -
849 764 908 828 Ad
939 764 1071 826 tertiam
1095 763 1217 846 proba·

243 870 369 932 tionem
394 871 542 944 minoris,
571 871 645 933 dico
676 871 766 952 quod
790 892 855 934 non
880 879 928 933 est
959 871 1000 933 ab
1023 871 1097 944 ali0,
1129 871 1218 934 bene

244 986 357 1039 tamen
381 986 429 1040 est
453 977 567 1040 ultima
590 977 770 1058 proprietas
794 977 826 1040 in
850 977 1040 1040 resolvendo
1064 977 1120 1039 sed
1144 997 1216 1039 non

245 1083 280 1146 in
304 1085 540 1147 constituendo
558 1085 595 1146 ln
620 1084 811 1147 resolvendo
827 1084 910 1159 dico,
927 1084 1003 1166 quia
1026 1083 1138 1146 relatio
1154 1105 1215 1166 pa-

245 1191 405 1253 ternitatis
439 1191 516 1253 dicit
539 1211 608 1254 esse
630 1212 650 1253 a
682 1191 849 1254 nullo-
873 1191 932 1254 Ad
963 1201 1117 1273 quartam
1140 1211 1216 1272 pro

247 1297 412 1360 bationem
447 1297 525 1360 dicit
560 1297 678 1361 Scotus
713 1298 748 1360 in
782 1299 911 1378 Report.
950 1299 1040 1380 quod
1081 1297 1214 1379 negatio

247 1415 395 1487 respectu
412 1405 454 1466 ad
481 1405 625 1486 primum
652 1412 702 1466 est
729 1404 816 1485 prior
838 1404 870 1467 in
894 1403 1051 1468 absolutis
1074 1424 1140 1467 non
1167 1413 1214 1466 ta·

246 1532 323 1574 men
348 1512 379 1573 in
404 1512 598 1593 respectivis,
622 1530 698 1592 quae
714 1511 957 1574 constituuntur
981 1511 1134 1574 relatione
1156 1532 1214 1594 po

244 1618 350 1691 sitiva‚
375 1619 458 1680 sicut
480 1628 528 1681 est
551 1618 584 1680 in
608 1618 786 1699 proposito

314 1725 372 1786 Ao
402 1724 577 1787 secuudum
602 1745 688 1807 nego
712 1725 878 1788 minorem.
904 1724 962 1787 Ad
988 1724 1210 1806 probationem

221 1847 351 1913 'quare
374 1830 475 1893 Filius
499 1851 564 1893 non
589 1841 697 1912 potest
721 1852 884 1914 generare,
916 1831 990 1894 dico
1013 1832 1103 1913 quod
1132 1832 1211 1893 ratio

245 1947 297 2000 est
319 1959 386 2000 non
409 1939 486 2020 quia
508 1947 557 2000 est
581 1939 720 2019 genitus
745 1939 801 2001 sed
826 1937 924 2000 habet
948 1937 1143 2020 principium
1160 1958 1211 2020 ge
1307 1949 1308 2022 J

247 2045 382 2108 nerandi
407 2065 463 2126 per
487 2045 736 2127 productionem
757 2046 977 2126 adaequatam,
1001 2045 1085 2106 sicut
1108 2044 1211 2126 patuit
1307 2033 1308 2076 ⁷

248 2150 336 2213 Dist.
361 2171 391 2213 2.
1307 2221 1308 2240 Χ

316 2259 374 2319 Ad
402 2258 532 2320 tortium
567 2259 641 2321 dico
664 2259 754 2340 quod
790 2258 969 2341 proprietas
1003 2257 1209 2320 constitutiva
1307 2247 1308 2256 ¹

248 2383 315 2426 non
339 2373 468 2444 tantum
503 2365 600 2427 debet
634 2386 703 2428 esse
737 2364 1060 2436 incommunicabilis,
1096 2364 1153 2426 sed
1182 2383 1209 2425 e
1307 2365 1308 2406 l

244 2471 327 2533 tiam
353 2472 500 2552 positiva,
524 2481 557 2534 et
579 2473 656 2554 quia
671 2472 852 2554 ingenitum
878 2465 1045 2534 non'dicit
1068 2470 1210 2553 proprie·
1307 2471 1308 2492 ¹

247 2587 349 2639 tatem
367 2579 549 2660 positivam,
566 2580 640 2641 ideo
656 2600 721 2642 non
745 2579 930 2654 constituit;
954 2578 1131 2660 paternitas
1154 2599 1209 2639 au·

246 2693 315 2746 tem
337 2695 385 2746 est
408 2686 587 2767 proprietas
611 2685 749 2766 positiva
764 2694 796 2748 et
819 2685 1037 2748 constitutiva.
1063 2685 1108 2747 Et
1135 2703 1209 2746 cum
1307 2721 1308 2762 ;

248 2789 337 2865 dicis,
363 2793 537 2872 paternitas
559 2801 608 2854 est
631 2792 919 2866 communicabilis,
944 2793 1017 2854 dico
1041 2791 1130 2873 quod
1158 2805 1211 2872 pa'-

245 2899 381 2961 ternitas
415 2899 609 2980 inquantum
645 2899 820 2980 paternitas
850 2909 898 2962 est
932 2897 1211 2961 communicabilis

245 3007 305 3068 sed
330 3027 395 3068 non
419 3005 613 3087 inquantum
637 3007 757 3068 divina.

317 3219 377 3281 AD
394 3209 539 3282 PRIMUM
556 3232 771 3282 PRINCIPALE
785 3227 921 3301 negetur
937 3217 1053 3279 minor.
1071 3217 1129 3279 Ad
1139 3227 1211 3297 pro

246 3325 407 3388 hattonem
424 3327 540 3388 dicitur
556 3347 623 3388 uno
647 3327 747 3388 modo
763 3325 943 3388 secundum
968 3327 1054 3386 viam
1070 3323 1209 3386 Thomae
1307 3359 1308 3380 i

248 3434 340 3515 quod
364 3433 539 3516 paternitas
563 3443 669 3515 potest
701 3433 870 3514 dupliciter
901 3430 1105 3504 considerari,
1133 3429 1211 3492 scili·
1307 3469 1308 3476 κ

206 3531 210 3538 ’
247 3551 301 3602 cet
325 3541 518 3622 inquantum
543 3541 662 3614 relatio,
687 3541 787 3603 etsie
812 3560 876 3601 non
902 3537 1067 3620 praecedit,
1092 3537 1141 3598 vel
1165 3536 1212 3597 in·
1238 3547 1241 3552 “

246 3658 410 3729 quantum
428 3647 615 3730 proprietas,
633 3656 665 3709 et
688 3648 733 3710 sic
756 3645 923 3710 constituit
946 3653 978 3707 et
993 3644 1211 3727 praecedit.—
