2684 4209
306 273 522 334 Drsrrncrro
546 271 674 334 XLVII
699 269 845 353 Qunsr.
871 273 885 334 1
1014 286 1078 352 435

206 474 433 560 Quantum
457 477 522 543 ad
532 477 740 560 primum
757 478 830 540 dico
859 478 949 559 quod
974 478 1100 540 nullum

130 583 261 644 bonum
284 583 392 646 evenit
415 583 448 646 in
473 584 623 646 universo
647 593 766 665 praeter
801 585 863 648 Dei
887 585 1100 656 voluntatem.

126 689 224 770 quod
247 690 404 771 probatur
428 691 482 752 sic:
508 686 542 754 ln
566 691 777 753 essentialiter
811 691 976 764 ordinatis,
1008 691 1100 774 quod

132 805 185 858 est
207 817 265 878 per
288 818 322 859 se
345 818 448 879 agens
471 806 617 879 respectu
643 797 767 879 prioris,
791 807 840 859 est
864 817 920 879 per
943 819 977 860 se
999 819 1102 880 agens

131 913 281 984 respectu
306 904 501 985 posterioris.
527 903 592 967 Sed
616 905 676 966 ista
700 904 786 966 bona
809 903 958 967 inferiora
979 904 1104 967 habent

132 1010 282 1072 ordinem
306 1012 510 1073 essentialem
534 1011 577 1072 ad
612 1010 699 1072 bona
723 1011 898 1092 superiora,
924 1032 1000 1093 quae
1024 1019 1100 1074 sunt

135 1116 369 1198 intelligentiae,
393 1118 516 1180 coelum
540 1127 572 1179 et
595 1118 715 1180 animae
741 1117 928 1192 rationales;
953 1139 1029 1180 cum
1053 1139 1100 1180 er-

132 1243 177 1304 go
201 1225 294 1285 Deus
318 1223 358 1285 sit
381 1245 438 1305 per
467 1245 500 1286 se
523 1243 625 1307 agens
655 1233 802 1305 respectu
835 1225 971 1286 istorum
996 1224 1100 1287 bono-

129 1350 204 1392 rum
229 1330 445 1412 superiorum,
470 1331 614 1412 sequitur
630 1332 720 1413 quod
744 1331 784 1393 sit
801 1351 858 1412 per
875 1352 909 1393 se
932 1351 1036 1414 agens
1052 1352 1100 1394 re·

122 1447 246 1520 spectu
272 1437 420 1500 omnium
445 1438 608 1500 bonorum
633 1437 830 1512 inferiorum,
855 1446 887 1500 et
911 1459 968 1519 per
990 1459 1100 1501 conse-

118 1565 235 1627 quens
259 1545 385 1606 nullum
402 1545 527 1607 bonum
551 1546 658 1607 evenit
682 1545 713 1607 in
732 1545 882 1607 universo
901 1555 1019 1626 praeter
1038 1545 1099 1609 Dei

125 1651 346 1714 voluntatem.
365 1650 466 1731 Quod
489 1661 600 1713 autem
625 1653 717 1714 Deus
740 1652 780 1713 sit
793 1672 850 1733 per
875 1672 909 1714 se
921 1672 1022 1733 agens
1039 1673 1101 1714 res·

119 1768 226 1841 pectu
260 1758 409 1820 omnium
450 1758 618 1820 bonorum
657 1757 872 1839 superiorum,
900 1766 999 1842 patet,
1024 1759 1100 1841 quia

124 1866 263 1928 -bonitas
286 1864 478 1946 participata
501 1873 549 1927 est
572 1864 614 1926 ab
637 1864 876 1939 alioeffective;
901 1865 958 1927 sed
971 1865 1100 1927 bonitas

120 1974 263 2056 >illorum
287 1981 336 2034 est
374 1971 583 2053 participata;
623 1993 704 2053 ergo
727 1981 856 2053 oportet
878 1972 968 2054 quod
992 1972 1032 2034 sit
1056 1973 1099 2034 ab

113 2080 236 2161 :aliqua
260 2099 357 2140 causa
380 2077 536 2141 effective.
562 2079 618 2140 Ilia
641 2088 753 2140 autem
778 2099 875 2140 causa
889 2079 938 2140 vel
962 2088 1011 2140 est
1028 2081 1094 2142 De-

121 2208 173 2260 us,
198 2196 234 2248 et
259 2186 397 2248 habetur
423 2185 639 2267 propositum,
663 2187 714 2248 vel
739 2185 847 2267 aliqua
870 2186 943 2256 alia,
960 2196 993 2248 et
1009 2206 1099 2267 quae-

120 2303 214 2356 retur
239 2293 281 2354 de
304 2292 357 2354 illa
380 2292 462 2354 sicut
496 2293 537 2354 de
560 2293 675 2374 prima,
715 2291 791 2374 quia
815 2312 889 2354 cum
916 2293 968 2354 illa
992 2313 1091 2355 causa

113 2421 190 2463 non
216 2399 258 2462 sit
283 2400 382 2472 Deus,
407 2399 540 2461 habebit
563 2399 743 2461 bonitatem
783 2399 1021 2480 participatam.
1049 2435 1088 2446 -

192 2507 370 2576 Proeterea,
398 2505 440 2567 ad
463 2525 670 2587 quaecunque
693 2505 844 2567 extendit
867 2527 900 2567 se
924 2505 1097 2586 objectum

111 2613 265 2693 alicujus
288 2612 453 2693 potentie,
477 2613 520 2673 ad
544 2613 659 2673 eadem
673 2611 822 2674 extendit
837 2632 871 2673 se
894 2611 996 2673 virtus
1013 2612 1098 2674 illius

116 2720 303 2804 potentiae;
327 2719 385 2781 sed
409 2719 575 2799 objectum
607 2719 784 2781 voluntatis
820 2719 939 2780 divinae
963 2728 1013 2780 est
1037 2720 1096 2782 bo-

118 2849 206 2890 num
233 2809 431 2907 simpiciter,
455 2835 488 2887 et
511 2826 590 2888 illud
613 2825 763 2888 extendit
786 2845 819 2887 se
843 2826 884 2887 ad
908 2826 1020 2888 omnia
1040 2827 1096 2888 bo-

117 2956 183 3010 na;
210 2954 293 3015 ergo
316 2933 417 2994 virtus
431 2934 540 2994 divina
552 2932 700 2994 extendit
720 2953 754 2994 se
777 2933 819 2994 ad
833 2953 932 2994 omne
955 2932 1097 3006 bonum,

108 3052 152 3104 et
178 3041 229 3103 sic
253 3040 379 3102 nullum
404 3040 527 3101 bonum
566 3040 674 3100 evenit
711 3048 830 3120 praeter
855 3039 915 3101 Dei
945 3040 1097 3102 volunta-

116 3159 207 3212 tem.

193 3360 262 3426 Be
283 3360 475 3425 secundo
512 3359 713 3425 Arlebulo
751 3359 824 3422 dico
847 3359 937 3441 quod
968 3360 1093 3422 malum

106 3469 237 3550 culpae
260 3467 368 3529 evenit
392 3476 511 3548 praeter
535 3467 596 3528 Dei
620 3468 835 3540 voluntatem,
860 3467 936 3548 quia
952 3466 1035 3528 sicut
1046 3477 1096 3529 est

114 3577 151 3637 in
179 3573 299 3636 ordine
322 3573 491 3655 agentium
530 3573 737 3646 naturalium,
763 3572 807 3635 ita
830 3593 890 3635 suo
914 3574 1016 3636 modo
1045 3582 1095 3636 est

110 3685 150 3746 in
178 3678 297 3742 ordine
319 3680 490 3762 agentium
515 3701 573 3762 per
597 3681 811 3743 voluntatem.
848 3679 913 3744 Sed
936 3679 969 3744 in
992 3681 1096 3764 agen-
