2684 4209
239 279 302 343 232
526 264 601 327 Lus.
626 264 641 327 Ι
665 263 955 329 Sanrnnnnnuu

212 478 261 533 tet
285 468 337 533 hic
363 470 503 534 multum
527 470 712 536 immorari:
737 479 845 553 potest
872 480 983 535 tamen
1014 480 1175 553 quantum

213 574 256 637 ad
284 576 428 658 primum
462 577 599 640 modum
630 577 862 641 rationabiliter
893 577 1050 653 sustineri,
1085 578 1176 660 quod

214 680 344 745 habitus
367 693 415 747 est
443 704 540 747 causa
564 684 706 767 partialis
722 693 868 767 respectu
881 684 1071 747 substantia:
1083 693 1178 747 actus

213 796 247 851 et
268 788 456 853 intensionis
479 792 512 853 in
535 800 620 854 actu.

280 897 339 960 Ad
360 908 556 980 argumento
580 898 683 961 tertioe
699 897 861 979 opinionis
876 898 1103 980 respondetur:
1120 898 1182 960 Ad

208 1002 358 1083 primum
381 1004 443 1079 sic,
467 1004 559 1086 quod
582 1006 689 1089 major
710 1014 760 1067 est
782 1026 858 1067 vera
881 1006 923 1067 de
951 1004 1055 1067 causis
1072 1004 1179 1067 totali·

215 1108 292 1186 bus;
309 1118 357 1173 est
379 1119 488 1174 autem
507 1109 585 1173 falsa
608 1111 640 1173 in
664 1111 768 1174 causis
791 1111 968 1192 aequivocis
988 1111 1179 1194 partialibus

214 1215 297 1280 sicut
313 1218 444 1300 ponitur
461 1218 590 1281 habitus
606 1227 753 1300 respectu
766 1227 872 1295 actus;
892 1228 925 1281 et
941 1219 1057 1281 eodem
1075 1218 1177 1280 modo

213 1326 262 1389 ad
280 1326 469 1388 secundum:
495 1325 569 1388 dico
600 1325 688 1387 enirn
715 1325 805 1407 quod
834 1324 939 1406 major
961 1335 1009 1387 est
1042 1344 1118 1386 vera
1141 1325 1175 1386 in

213 1432 318 1495 causis
342 1431 505 1494 totalibus.
529 1431 588 1493 Ad
608 1432 740 1495 tertium
763 1432 853 1513 quod
876 1440 925 1494 est
940 1431 1108 1503 difficilius,
1130 1430 1177 1493 di-

214 1559 254 1601 co
277 1539 366 1621 quod
380 1558 445 1601 non
468 1546 598 1620 oportet
621 1548 731 1601 aetum
757 1538 980 1621 generativum
1002 1537 1175 1600 habituum

100 1710 102 1717 ,
213 1663 282 1708 esse
305 1645 462 1708 rationem
487 1645 604 1727 agendi
628 1667 698 1728 qno,
727 1645 810 1708 sicut
841 1644 970 1707 habitus
1003 1653 1177 1727 generatus

214 1760 321 1834 potest
336 1771 405 1814 esse
421 1752 501 1815 ratio
524 1772 605 1834 quo:
630 1753 703 1815 etsi
720 1752 822 1829 dicas;
843 1751 1003 1833 quidquid
1030 1760 1079 1813 est
1098 1771 1177 1812 cau-

213 1878 249 1921 sa
265 1879 372 1923 causae
392 1867 440 1921 est
457 1879 554 1922 causa
569 1860 701 1933 causati,
723 1859 930 1940 respondetur
944 1858 1035 1940 quod
1058 1877 1174 1920 verum

213 1974 262 2028 cst
293 1966 376 2028 sicut
407 1975 569 2029 remotum
601 1986 667 2048 quo
698 1975 732 2029 et
754 1986 820 2028 non
843 1966 927 2028 sicut
950 1963 1174 2047 propinquum

213 2092 290 2154 quo.

282 2285 343 2348 Ao
367 2299 511 2349 rmuuu
535 2299 753 2349 amnonius
768 2285 842 2348 dico
857 2285 947 2366 quod
965 2283 1093 2346 habitus
1114 2304 1172 2365 po-

213 2399 276 2454 test
298 2392 400 2474 accipi
424 2392 594 2475 dupliciter
601 2413 608 2469 ;
633 2413 700 2455 uno
724 2392 823 2454 modo
831 2391 1026 2473 formaliter
1047 2411 1107 2472 pro
1128 2410 1178 2451 re-

213 2506 336 2579 spectu,
382 2507 414 2561 et
438 2499 483 2561 sic
505 2508 554 2561 est
577 2499 688 2563 relatio
712 2519 771 2560 nec
786 2509 834 2560 est
851 2497 1044 2580 principium
1061 2508 1174 2572 actus;

212 2604 276 2666 alio
300 2606 400 2668 modo
423 2606 561 2668 sumitur
584 2604 887 2687 fundamentaliter
909 2612 1007 2686 prout
1034 2612 1083 2666 est
1110 2603 1179 2684 pri-

213 2731 267 2773 ma
290 2713 412 2793 species
435 2712 607 2794 qualitatis,
632 2722 664 2775 et
687 2712 732 2774 sic
755 2721 803 2774 est
841 2706 1038 2793 principium
1069 2721 1172 2772 actus.

280 2818 337 2880 nd
356 2820 531 2881 secundnm
555 2840 641 2901 nego
664 2820 829 2902 mojorem,
855 2817 931 2899 quia
965 2817 1087 2899 species
1124 2826 1175 2878 est

212 2924 360 2987 accidens
384 2925 416 2987 in
440 2926 613 2998 intellectu,
637 2934 669 2987 et
693 2934 803 2987 tamen
828 2945 893 2987 non
910 2934 958 2987 est
974 2918 1172 3005 principium

211 3029 399 3094 intensionis
422 3032 488 3093 sive
503 3031 699 3113 cognitionis
714 3030 929 3105 abstractivae,
946 3050 1021 3111 quae
1030 3029 1176 3092 estactio

212 3136 394 3200 immanens
417 3138 449 3201 in
473 3138 645 3200 intellectu.

642 3348 745 3704 l
