2684 4209
240 274 425 340 D1sr1Ncr.
454 275 571 340 XXIV
593 286 627 340 et
654 277 754 340 XXV
779 276 925 359 QUAEST.
949 278 980 342 ΙΙ
1027 281 1092 359 289

145 479 215 544 sive
238 481 367 562 propria
390 491 439 544 est
461 482 647 545 communis
670 483 789 563 tribus;
814 483 870 546 sed
895 504 1032 565 persona
1064 493 1113 548 est

148 607 271 650 nomen
293 608 471 650 commune
493 589 596 652 tribus
619 590 799 652 secundum
823 589 1051 673 Augustinum
1079 610 1110 677 7.

142 693 187 756 de
215 694 306 758 Trin.
329 715 355 756 c.
380 713 422 778 7.,
450 695 475 757 si
499 703 584 769 sunt,
609 696 722 778 inquit,
747 705 811 758 tres
841 717 999 778 personae,
1024 718 1112 760 com-

146 819 249 863 mune
271 809 321 862 est
343 801 388 863 eis
411 801 474 864 hoc
497 803 587 883 quod
610 812 659 864 est
683 823 836 884 persona;
868 824 949 885 ergo
972 825 1111 886 persona

145 927 214 970 non
239 907 296 969 dat
319 908 507 971 relationem
531 908 664 991 originis
686 909 753 972 sive
777 911 951 992 propriam.

216 1012 422 1081 Secunda
452 1015 684 1082 Conclusio
706 1025 754 1079 est
770 1017 839 1091 ista,
864 1017 953 1098 quod
974 1035 1113 1099 persona

143 1141 212 1183 non
243 1121 320 1184 dicit
351 1122 540 1184 relationem
575 1143 797 1197 communem,
829 1124 919 1205 quod
951 1125 1108 1204 probatur

143 1228 206 1290 sic:
232 1227 291 1292 Ad
313 1229 535 1310 quodcunque
559 1230 729 1292 relativum
754 1230 870 1292 dicitur
905 1229 1035 1293 inferius
1062 1231 1104 1293 ad

144 1335 233 1397 idem
267 1335 383 1397 dicitur
414 1335 584 1398 relativum
618 1337 775 1418 superius,
811 1337 884 1398 licet
915 1357 980 1400 non
1012 1358 1107 1419 aeque

144 1440 263 1523 primo,
288 1442 486 1522 Exemplum
518 1443 625 1522 hujus,
649 1463 727 1505 nam
757 1444 799 1505 ad
831 1463 1040 1526 quocumque
1064 1445 1109 1507 di·

142 1549 228 1610 citur
250 1549 388 1630 duplum
413 1548 547 1623 dimidii,
560 1550 602 1610 ad
627 1549 713 1611 idem
730 1550 846 1612 dicitur
870 1550 1042 1632 multiplex
1059 1551 1107 1613 di·

146 1655 247 1717 midii.
280 1654 345 1720 Sed
369 1657 463 1717 Pater
498 1655 615 1718 dicitur
646 1655 718 1718 Filii
746 1657 856 1732 Pater;
889 1677 968 1739 ergo
992 1657 1017 1719 si
1042 1679 1111 1740 per-

143 1783 226 1824 sona
261 1763 340 1824 dicit
377 1761 566 1825 relationem
601 1783 823 1836 communem,
859 1772 937 1825 tunc
973 1785 1110 1846 persona

143 1869 248 1931 Patris
272 1869 432 1932 diceretur
456 1889 594 1951 persona
618 1869 700 1943 Filii,
725 1871 815 1951 quod
838 1878 887 1932 est
910 1869 1036 1932 falsum.

219 1975 369 2042 Tertia
409 1976 639 2042 Conclusio
670 1986 719 2038 est
754 1977 822 2051 ista,
847 1977 937 2058 quod
972 1998 1110 2058 persona

142 2101 211 2144 non
235 2083 312 2146 dicit
332 2083 548 2165 quidditatem
573 2084 655 2145 idest
670 2084 895 2158 substantiam,
920 2085 1109 2165 accipiendo

142 2189 359 2252 substantiam
383 2211 443 2271 pro
458 2191 604 2253 essentia.
631 2190 733 2271 Cujus
750 2191 830 2253 ratio
853 2199 918 2252 est:
942 2192 1018 2272 quia
1036 2192 1108 2253 sub-

142 2297 263 2359 stantia
285 2297 353 2359 sive
376 2297 539 2378 quidditas
563 2318 623 2379 pro
646 2298 784 2359 essentia
806 2307 940 2378 accepta
964 2319 1029 2359 non
1048 2319 1108 2360 nu-

144 2413 289 2466 meratur
324 2424 384 2466 nec
419 2405 651 2486 multiplicatur
687 2404 719 2465 in
751 2403 841 2478 Deo;
877 2405 933 2466 sed
970 2425 1108 2486 persona

145 2510 380 2592 multiplicatur
402 2520 436 2573 et
459 2520 663 2573 numeratur:
688 2531 777 2592 ergo.

210 2617 326 2680 Restat
345 2638 420 2700 ergo
454 2619 573 2692 videre,
605 2618 630 2679 si
654 2638 792 2698 persona
829 2639 894 2680 non
919 2619 995 2680 dicit
1028 2618 1107 2680 rela-

141 2723 266 2786 tionem
291 2724 466 2805 propriam,
502 2745 561 2786 nec
584 2744 805 2798 communem,
838 2745 897 2786 nec
920 2725 1103 2798 essentiam,

141 2830 224 2912 quid
246 2851 326 2912 ergo
349 2830 449 2893 dicit?
473 2831 518 2893 Et
541 2831 614 2893 dico
638 2831 691 2893 hic
707 2831 788 2892 duas
812 2831 1044 2894 Conclusiones
1060 2851 1107 2893 se-

140 2937 289 3001 cundum
320 2938 402 3000 duas
437 2938 614 3020 opiniones.
651 2937 738 2999 Nam
762 2938 787 3000 si
822 2947 969 3000 teneatur
993 2937 1106 3018 opinio

141 3044 204 3106 ista
227 3064 302 3125 quae
326 3045 420 3126 ponit
450 3065 622 3126 personam
653 3044 759 3106 dicere
791 3045 1008 3126 negationem,
1026 3053 1106 3108 tunc

140 3171 280 3233 persona
311 3151 432 3233 aliquid
467 3161 631 3223 connotat,
668 3161 700 3213 et
724 3151 830 3233 primo
861 3151 939 3212 illud
974 3151 1106 3231 dequo

139 3256 259 3319 dicitur
283 3259 399 3340 primo,
430 3258 551 3321 scilicet
581 3259 710 3322 Patrem
746 3267 778 3320 et
803 3257 921 3319 Filium
946 3267 978 3318 et
1003 3257 1102 3338 Spiri-

138 3373 213 3426 tum
245 3363 414 3438 Sanctum,
448 3375 485 3430 et
514 3365 706 3428 secundario
740 3373 896 3427 connotat
932 3363 1102 3426 relationes

140 3471 367 3534 constitutivas
400 3472 502 3536 Patris
533 3482 565 3534 et
589 3472 661 3534 Filii
685 3481 717 3534 et
752 3471 890 3552 Spiritus
925 3471 1046 3543 Sancti,
1071 3479 1105 3532 et

139 3578 236 3640 tertio
258 3587 415 3641 connotat
437 3579 618 3641 essentiam.
643 3615 687 3625 -
712 3578 744 3642 Si
768 3587 877 3640 autem
896 3587 1043 3639 teneatur
1067 3599 1101 3638 a·

140 3685 183 3747 lia
206 3687 327 3768 opini0,
362 3687 452 3769 quod
488 3707 624 3768 persona
659 3685 737 3748 dicit
771 3685 892 3766 aliquid
928 3683 1103 3766 positivum

1024 3813 1052 3855 ιο
