2684 4209
513 911 814 1049 Prologus

309 1174 506 1265 Cupientes
528 1175 743 1265 aliquidue
762 1176 930 1265 penuria
953 1181 1015 1246 etc.

251 1285 348 1349 Circa
371 1286 468 1348 istum
493 1286 671 1369 Prologum
689 1286 929 1351 Sententiarum
947 1286 1042 1368 primi
1058 1306 1156 1368 quae-

180 1394 266 1455 titur
290 1393 414 1475 primo:

554 1553 732 1637 QuAEsuo
757 1556 782 1617 1.

379 1712 487 1768 Utrum
505 1712 659 1780 Theologu
676 1714 715 1768 sit
732 1713 767 1769 do
785 1713 845 1769 Duo
863 1714 898 1767 ut
915 1713 950 1768 do

594 1802 734 1872 subjectu.

252 1927 391 1990 Videtur
413 1928 505 2010 quod
529 1949 612 1993 non:
643 1946 668 1991 1.
695 1927 781 2010 Quia
805 1928 910 1991 forma
932 1928 1073 2011 simplex
1098 1950 1156 1991 su-

183 2034 332 2115 bjectum
354 2054 424 2097 esse
447 2056 513 2099 non
537 2045 654 2118 potest,
698 2036 878 2098 secundum
906 2036 1058 2098 Boetium
1090 2036 1150 2100 lib.

183 2140 224 2203 de
254 2141 343 2204 Trin.
367 2163 393 2204 c.
414 2160 448 2225 5.
475 2142 541 2206 Sed
564 2142 655 2205 Deus
678 2151 727 2205 est
750 2141 856 2205 forma
878 2143 1029 2225 simplex.
1055 2142 1150 2225 Ergo

187 2268 255 2311 non
278 2258 327 2311 est
349 2248 533 2329 subjectum
556 2249 758 2331 Theologiae.

253 2371 283 2417 2.
308 2354 477 2430 Praeterea,
503 2356 636 2419 materia
659 2365 693 2422 et
715 2356 855 2419 efficiens
872 2376 937 2419 non
962 2356 1153 2418 coincidunt

142 2448 145 2453 ¹
185 2461 217 2523 in
241 2461 328 2524 idem
352 2482 500 2538 numeru,
523 2484 566 2526 ex
587 2482 618 2527 2.
643 2461 745 2545 Phys.
771 2464 836 2528 Sed
861 2463 952 2526 Deus
974 2471 1024 2526 est
1051 2484 1148 2525 causa

183 2569 325 2632 efficiens
349 2569 446 2652 hujus
476 2570 629 2633 scientiae.
662 2572 755 2653 Ergo
786 2591 851 2633 non
883 2580 932 2633 est
963 2591 1061 2633 causa
1084 2590 1156 2631 ma-

184 2675 302 2739 terialis
332 2676 399 2740 sive
422 2677 617 2758 subjectum.

252 2798 281 2861 3.
306 2784 476 2857 Praeterea‚
500 2785 686 2863 subjectum
711 2784 809 2847 habet
841 2784 1007 2867 principia,
1040 2793 1148 2865 partes

184 2898 218 2951 et
230 2889 405 2971 passiones,
421 2911 463 2951 ex
478 2910 508 2953 Ι.
525 2891 612 2954 Post.
627 2890 692 2955 Sed
711 2892 803 2954 Deus
819 2900 905 2954 caret
922 2891 971 2953 his
987 2890 1153 2954 omnibus.

186 2996 279 3078 Ergo
300 3005 364 3059 etc.

257 3099 388 3165 Contra.
405 3103 615 3186 Augustinus
629 3102 662 3167 8.
688 3104 727 3166 de
755 3101 854 3167 civit.
871 3104 949 3167 Dei:
971 3102 1157 3185 Theologia

184 3218 235 3271 est
258 3229 366 3272 sermo
389 3210 430 3272 de
454 3210 536 3273 Deo.

253 3314 368 3379 CuicA
393 3328 504 3379 issiuu
530 3315 788 3398 QUAESTIONEM
812 3328 888 3380 sunt
911 3327 976 3380 tres
999 3316 1154 3379 Articuli.

185 3420 311 3497 Primo,
336 3432 498 3504 ponentur
521 3424 629 3505 aliqua
652 3425 866 3507 praeambula.
884 3423 1040 3496 Secundo,
1063 3423 1152 3485 vide-

186 3527 273 3591 bitur
312 3538 423 3592 utrum
464 3529 555 3592 Deus
589 3540 637 3593 est
672 3532 856 3613 subjectum
892 3531 923 3592 in
959 3528 1155 3611 Theologia.

192 3634 306 3709 Tertio,
330 3636 392 3699 sub
416 3656 482 3719 qua
505 3636 629 3700 ratione
652 3638 694 3701 sit
717 3638 760 3700 ibi
784 3637 978 3718 subjectum.
