2684 4209
463 264 625 327 Pnonou.
651 264 799 345 Qunsr.
823 265 838 327 1
1109 281 1153 344 13·

199 469 350 550 bjectum
382 470 526 533 continet
542 490 656 533 omnes
672 471 824 534 veritates
844 468 983 533 habitus.
999 466 1183 556 Respon*

201 573 271 643 deo
282 593 295 642 .·
318 587 455 659 negetur
476 578 592 660 major,
617 577 694 659 quia
713 577 881 660 proportio
912 576 1030 660 objecti
1054 577 1187 659 adpm

203 683 341 746 tentiam
365 693 414 746 est
437 684 606 766 proportio
630 684 749 746 mutini
776 684 818 745 ad
849 684 978 760 mobile;
1010 683 1171 746 motivum

202 799 316 852 autem
341 790 488 871 ejusdem
512 790 654 865 rationis
679 799 787 872 potest
809 790 842 853 in
871 790 991 853 mobile
1021 791 1168 871 ejusdem

204 896 339 959 rationis
369 905 402 959 et
432 898 477 959 ita
499 906 650 960 extrema
672 896 892 979 proportionis
922 907 998 960 sunt
1021 917 1171 959 commu-

205 1002 274 1077 nia;
303 1004 471 1086 proportio
494 1012 604 1066 autem
630 1003 766 1086 subjecti
789 1004 832 1065 ad
858 1002 1005 1065 habitum
1029 1013 1079 1067 est
1102 1025 1185 1086 pro·

206 1110 314 1190 portio
337 1130 444 1172 causae
468 1110 510 1172 ad
533 1109 686 1173 effectum
694 1132 702 1187 ;
723 1129 822 1172 omne
845 1119 955 1172 autem
979 1118 1171 1173 contentum

205 1215 268 1277 sub
285 1216 346 1278 isto
369 1216 499 1297 objecto
511 1236 577 1279 non
590 1225 699 1299 potest
711 1236 782 1279 esse
797 1237 854 1298 per
870 1236 905 1278 se
920 1236 1018 1278 causa
1041 1216 1183 1280 habitus

194 1322 274 1384 'sive
290 1321 432 1395 effectus,
456 1323 538 1385 sicut
567 1324 660 1406 ponit
685 1322 902 1404 Philosophus
916 1323 1107 1404 exemplum
1132 1324 1184 1386 de.

196 1429 356 1511 pluribus
371 1428 575 1492 trahentibus
590 1430 712 1503 navim,
736 1448 767 1514 7.
784 1428 887 1510 Phys.
910 1429 997 1491 circa
1012 1430 1079 1514 fin.

275 1642 339 1708 Be
362 1643 554 1708 secundo
576 1642 786 1725 Arle’oulo,
814 1644 888 1706 dico
911 1644 1001 1725 quod
1022 1644 1182 1725 primum-

203 1750 385 1834 subjectum
416 1750 446 1813 Τ
441 1748 596 1833 heologioe
618 1761 666 1812 est
687 1750 786 1813 Deus.
813 1749 913 1830 Quod
937 1751 1056 1832 probo:

273 1853 415 1924 Primo
437 1856 496 1919 sic:
522 1857 714 1920 Primarium
739 1856 923 1939 subjectum
947 1857 1084 1938 alicujus
1115 1857 1183 1920 ha—

204 1964 294 2026 bitus
318 1962 462 2025 continet
485 1956 662 2026 virtualiter
686 1984 802 2026 omnes
825 1964 977 2026 veritates
998 1964 1082 2026 illius
1115 1964 1183 2025 ha--

204 2071 308 2148 bitus;
332 2070 389 2132 sed
414 2069 491 2132 nihil
522 2071 667 2135 continet
690 2070 841 2133 veritates
871 2070 1073 2153 theologicas
1111 2071 1170 2133 nisi

205 2177 312 2253 Deus;
337 2196 417 2258 ergo
441 2176 532 2239 Deus
555 2186 604 2239 est
627 2176 813 2258 subjectum
838 2177 983 2258 primum
1005 2177 1037 2239 in
1061 2176 1181 2239 Theo--

205 2283 302 2366 logia.
327 2284 481 2346 Probatio
504 2283 661 2346 minoris:
687 2303 774 2357 nam,
800 2283 877 2346 nihil
910 2285 999 2346 aliud
1026 2284 1171 2346 continet

205 2389 357 2453 veritates
388 2389 588 2472 theologicas
618 2400 655 2452 ut
688 2411 797 2465 causa,
821 2392 890 2453 sive
925 2391 967 2452 ad
994 2391 1085 2472 quod
1114 2391 1173 2452 ha-

205 2497 305 2559 beant
343 2496 599 2570 attributionem,
631 2496 709 2578 quia
741 2497 832 2559 Deus
862 2496 941 2559 nulli
972 2497 1182 2559 attribuitur:

206 2624 267 2665 nee
289 2602 411 2685 aliquid
435 2604 580 2665 continet
603 2604 681 2665 istas
697 2604 848 2666 veritates
877 2614 914 2666 ut
935 2604 1073 2683 effectus,
1098 2604 1173 2685 quia
1225 2656 1237 2677 ,

204 2708 340 2772 effectus
363 2710 471 2791 potius
495 2709 663 2772 deducunt
694 2710 726 2772 in
751 2730 893 2771 errorem
930 2730 1030 2791 quam
1054 2710 1086 2773 in
1119 2732 1176 2772 co-

207 2816 388 2898 gnitionem
404 2816 556 2889 veritatis,
585 2816 667 2878 sicut
687 2825 777 2898 patet
793 2817 835 2879 de
849 2817 1029 2878 aetemitate
1046 2818 1175 2879 mundi.

275 2918 448 2989 Secundo
471 2922 530 2984 sic:
554 2922 737 3004 Theologia
760 2932 809 2984 est
841 2923 882 2985 de
913 2923 961 2985 his
992 2944 1067 3004 quae
1098 2934 1175 2985 sunt

207 3028 267 3091 soli
290 3028 464 3091 intellectui
488 3029 599 3091 divino
623 3030 823 3092 naturaliter
846 3040 942 3103 nota,·
974 3050 1054 3112 ergo
1078 3030 1186 3092 debet·

207 3156 277 3199 esse
300 3136 341 3198 de
365 3135 512 3216 subjecto
536 3137 642 3198 solum
667 3136 842 3199 intellectui
873 3136 983 3199 divino
1015 3138 1177 3199 naturali-

208 3253 258 3305 ter
279 3252 364 3318 πρίω
389 3243 447 3305 sed
471 3242 533 3305 hoc
557 3252 605 3304 est
629 3243 765 3323 ipsemet
791 3244 896 3318 Deus;
920 3264 1000 3324 ergo
1023 3253 1083 3305 etc.

279 3345 396 3417 Tertio
421 3350 482 3411 sic:
508 3350 544 3411 In
570 3350 658 3411 nulla
682 3350 815 3412 seientia
838 3350 975 3412 traditur
999 3351 1043 3412 ita
1066 3351 1188 3413 disthe

208 3465 261 3518 cta
284 3457 428 3537 cognitio
453 3457 494 3517 de
516 3476 556 3518 eo
579 3456 669 3538 quod
695 3479 757 3519 non
781 3466 828 3519 est
850 3478 907 3538 per
931 3478 964 3518 se
980 3458 1178 3538 subjectum,

209 3563 292 3625 sicut
315 3564 356 3625 de
373 3564 427 3626 illo
440 3563 529 3644 quod
553 3574 601 3625 est
615 3584 671 3645 per
688 3584 721 3625 se
738 3564 941 3644 subjectum;
958 3566 1015 3626 sed
1031 3565 1063 3626 in
1088 3566 1176 3626 nulla

209 3670 342 3733 scientia
365 3669 503 3733 traditur
527 3669 570 3731 ita
586 3669 737 3732 distincta
760 3670 906 3753 cognitio
929 3671 969 3732 de
993 3671 1076 3745 DeO,
1093 3671 1176 3732 sicut
