2684 4209
385 265 572 330 Drsrrucr.
596 267 642 330 111
667 265 816 348 Qunsr.
840 267 856 330 Ι
1047 281 1088 348 73

147 467 316 531 verissima
338 469 549 551 comparatio,
573 470 651 552 quia
673 469 856 534 substantia
877 477 927 533 est
943 467 1117 554 perfectius

143 595 206 639 ens
229 595 331 657 quam
354 575 505 638 accidens
518 585 552 638 et
575 575 666 640 Deus
688 587 738 640 est
752 576 926 660 perfectius
936 597 996 641 ens
1012 595 1115 660 quam

148 699 278 758 musca;
301 701 381 765 ergo
403 703 461 744 ens
484 702 550 745 non
573 691 621 746 est
643 684 863 767 aequivocum.

215 787 286 852 Nec
297 789 482 852 vautram
492 789 713 871 oppositionis3
728 791 887 873 supponit
902 790 992 853 eninr
1008 790 1041 853 in
1058 789 1119 854 mi·

150 896 227 959 nori
255 895 346 977 quod
377 917 434 959 ens
464 917 530 959 non
562 895 681 960 habeat
716 897 876 961 rationem
906 896 974 961 sive
1004 916 1116 962 conoe·

149 1011 247 1084 ptum
265 1013 380 1084 perse
402 1024 516 1076 uuum,
543 1003 637 1084 cujus
656 1005 855 1067 contrarium
871 1003 1047 1087 probatum
1069 1011 1119 1068 est

150 1109 184 1172 in
209 1128 240 1172 1.
263 1110 391 1184 Artic.,·
416 1110 503 1172 unde
525 1129 583 1173 ens
614 1110 646 1174 in
677 1131 737 1173 sua
767 1111 899 1194 propria
928 1111 1119 1193 acceptione

149 1217 269 1279 dicitur
292 1216 333 1279 de
356 1216 509 1279 omnibus
531 1217 714 1280 secundum
738 1238 840 1281 unam
863 1218 1036 1281 rationem.

223 1412 288 1478 oe
336 1409 479 1477 Tertio
513 1411 714 1479 Am‘oulo
749 1413 934 1476 communis
962 1413 1122 1476 sententia

152 1518 339 1581 Doctorum
362 1527 419 1593 est,
444 1518 534 1601 quod
567 1539 625 1582 ens
658 1518 746 1582 dicat
777 1529 976 1602 conceptum
1007 1519 1121 1582 analo-
1187 1579 1190 1585 ,

147 1646 233 1708 gum
261 1633 294 1688 et
332 1643 398 1688 non
437 1626 620 1689 univocum.
664 1626 820 1690 Rationes
858 1635 971 1689 autern
1006 1645 1120 1688 eorum

154 1753 242 1794 nunc
273 1731 498 1814 praetermitto,
522 1733 578 1795 sed
608 1753 729 1814 ponam
753 1753 808 1796 eas
831 1733 864 1794 in
891 1751 926 1816 5.
958 1732 1031 1795 Art.
1066 1730 1122 1793 ubi

158 1840 335 1902 solventur.
360 1839 404 1901 Et
427 1840 501 1901 dico
518 1839 628 1920 primo
650 1839 742 1921 quod
764 1859 822 1902 ens
845 1848 894 1900 est
917 1859 992 1901 vere
1009 1838 1121 1902 univo

151 1966 241 2008 curn.
259 1935 406 2008 Secundo
428 1946 600 2008 declarabo
622 1947 727 2027 qualis
749 1955 797 2008 est
821 1946 881 2008 ista
904 1945 1099 2008 univocatio

222 2048 408 2119 Primum
427 2048 544 2136 probo
567 2052 625 2114 sic:
658 2052 776 2116 Omnis
806 2053 987 2115 intellectus
1017 2062 1124 2114 certus

152 2159 196 2222 de
220 2179 287 2221 uno
310 2168 470 2240 conceptu
494 2167 526 2222 et
549 2159 667 2222 dubius
690 2160 732 2222 de
755 2159 887 2222 diversis
910 2158 960 2220 vel
977 2158 1117 2233 duobus,

154 2265 257 2328 habet
279 2265 378 2328 alium
402 2275 599 2347 conceptum
622 2267 664 2328 de
688 2287 756 2348 quo
779 2274 828 2328 est
850 2275 957 2329 certus
987 2265 1029 2327 ab
1061 2264 1124 2328 illis

156 2372 198 2434 de
221 2372 341 2454 quibus
363 2381 412 2433 est
435 2370 563 2434 dubius.
588 2371 653 2436 Sed
677 2372 857 2434 intellectus
881 2392 974 2434 meus
989 2381 1038 2433 est
1058 2390 1125 2432 cer-

156 2487 210 2540 tus
233 2479 276 2540 de
299 2477 372 2540 Deo
395 2479 488 2559 quod
511 2487 560 2541 est
583 2498 649 2552 ens,
676 2479 803 2540 dubitat
826 2487 936 2540 autern
954 2487 1065 2540 utrum
1081 2477 1125 2540 sit

157 2585 221 2647 hoc
244 2603 303 2646 ens
326 2584 376 2647 vel
401 2583 463 2646 hoc
486 2604 558 2660 ens;
582 2594 615 2647 et
638 2584 756 2648 eodem
781 2585 882 2647 modo
905 2584 946 2646 de
967 2593 1123 2646 creatura.

159 2691 252 2774 Ergo
276 2690 392 2753 eodem
418 2691 517 2754 modo
540 2701 718 2772 conceptus
748 2691 831 2753 entis
861 2691 900 2752 de
930 2712 962 2752 se
990 2710 1049 2752 nec
1076 2698 1125 2752 est

160 2797 222 2860 Dei
251 2817 311 2859 nec
334 2806 500 2872 ereaturae,
526 2796 558 2858 in
582 2805 722 2879 utroque
743 2807 855 2859 tamen
879 2797 1053 2858 includitur
1080 2816 1126 2858 es·

154 2902 342 2967 sentialiter.
379 2903 423 2965 Et
455 2903 518 2966 hoc
553 2903 808 2966 concludebatur
839 2904 871 2966 in
903 2902 1126 2985 propositione

156 3011 327 3092 proposita
350 3009 382 3072 in
399 3029 429 3073 I.
445 3010 550 3073 Artic.
563 3047 608 3058 —
621 3010 682 3074 Cui
698 3011 828 3073 additur
843 3009 918 3073 talis
933 3010 1029 3072 ratio:
1048 3009 1127 3072 Orn-

159 3117 208 3181 nis
227 3125 406 3199 conceptus
429 3117 485 3198 qui
508 3127 656 3199 respectu
689 3117 874 3199 aliquorum
905 3118 1047 3179 duorum
1078 3124 1126 3179 est

158 3232 283 3298 neuter,
318 3231 351 3287 et
389 3223 421 3285 in
456 3232 595 3305 utroque
630 3223 804 3286 includitur
834 3224 1041 3286 essentialiter
1075 3231 1129 3284 est

160 3339 339 3413 conceptus
363 3331 535 3406 univocus;
560 3330 617 3393 sed
640 3340 818 3412 conceptus
841 3331 924 3393 entis
944 3338 993 3392 est
1017 3329 1129 3410 hujus-

162 3439 263 3512 modi,
288 3445 324 3500 ut
347 3445 438 3520 patet
461 3456 504 3500 ex
527 3437 635 3513 dictis;
660 3458 740 3520 ergo
763 3446 941 3518 conceptus
964 3436 1046 3499 entis
1079 3445 1128 3498 est

158 3545 329 3608 univocus.
342 3544 583 3626 —Respondeo
606 3543 648 3606 ad
672 3543 767 3606 istam
791 3543 950 3606 rationem
974 3541 1127 3624 negando

160 3652 320 3736 majorem
338 3651 435 3734 primi
450 3650 642 3732 syllogismi,
674 3650 751 3734 quia
781 3659 958 3732 conceptus
988 3646 1129 3711 hominis
1213 3648 1216 3652 ’
