2684 4209
248 266 313 333 ²50
507 254 582 317 Lm.
606 254 621 316 1
645 253 940 318 Ssuauuamnuu

222 460 279 524 sed
302 459 334 523 in
359 458 442 521 Filio
464 466 513 521 est
529 457 782 521 fundamentum
807 459 969 521 relationis
984 458 1194 542 paternitatis

220 567 265 629 ad
288 565 418 639 Filium,
442 573 474 628 et
497 574 686 628 extremum
710 565 830 628 ibidem
854 575 903 629 est
925 566 1037 643 Pater;
1060 586 1150 649 ergo.

293 670 413 736 Contra
441 672 540 734 istam
571 672 754 753 opinionem
793 672 941 755 arguitur
963 672 1023 736 sic:
1062 672 1194 736 Priona:

222 762 501 863 quando'aliquid
523 787 571 841 est
594 778 626 841 in
650 778 714 841 alio
737 778 917 841 secundum
946 787 1083 860 partem,
1107 789 1187 843 tunc

222 886 326 949 estin
351 885 403 948 illa
426 885 509 948 sicut
532 885 691 966 competit
713 884 798 967 parti
821 905 890 948 esse
913 884 946 948 in
961 886 1088 959 eodem,
1105 886 1191 949 sicut

222 993 249 1055 si
271 1013 335 1075 ego
357 1012 430 1055 sum
455 992 486 1054 in
512 992 583 1054 loco
608 1012 664 1074 per
680 992 789 1074 pedes,
806 1001 839 1054 et
862 992 962 1073 pedes
984 1002 1060 1055 sunt
1083 991 1126 1054 ibi
1144 994 1189 1055 lo

222 1099 342 1174 caliter,
366 1098 510 1180 sequitur
533 1098 624 1180 quod
646 1119 711 1180 ego
734 1098 778 1160 ibi
801 1098 862 1161 sim
876 1098 1032 1161 localiter:
1060 1118 1141 1181 ergo
1162 1098 1188 1161 si

224 1207 317 1268 Pater
351 1213 400 1267 est
434 1205 466 1267 in
499 1204 581 1267 Filio
616 1226 673 1287 per
707 1205 889 1279 essentiam,
925 1206 1069 1287 sequitur
1097 1205 1189 1286 quod

223 1312 263 1376 sit
286 1312 380 1375 Pater
411 1312 444 1374 in
469 1311 551 1373 Filio
582 1312 665 1374 sicut
699 1312 837 1374 essentia
860 1320 908 1375 est
937 1312 969 1374 in
1005 1311 1096 1374 Filio.
1121 1310 1189 1375 Sed

222 1418 359 1482 essentia
382 1427 430 1482 est
453 1418 484 1481 in
511 1418 593 1481 Filio
616 1417 807 1494 formaliter3
831 1437 914 1501 ergo
942 1419 1036 1481 Pater
1059 1418 1119 1480 erit
1155 1418 1188 1480 in

223 1524 306 1588 Filio
330 1523 515 1598 formaliter,
539 1524 629 1606 quod
652 1535 702 1587 est
724 1523 851 1588 falsum.

289 1632 458 1705 Praeterea,
483 1632 574 1713 quod
597 1632 750 1694 convenit
780 1630 950 1713 supposito
989 1631 1187 1712 inquantum

222 1737 539 1811 incommunicabile,
569 1738 658 1801 nullo
694 1739 795 1801 modo
830 1738 983 1801 convenit
1015 1738 1187 1812 essentiae3

222 1865 302 1926 ergo
325 1865 343 1907 e
366 1864 523 1908 converso
538 1845 629 1925 quod
645 1844 797 1907 convenit
812 1844 959 1907 essentiae
983 1844 1106 1907 ratione
1121 1864 1191 1925 qua

221 1950 502 2013 communicabilis
527 1951 617 2013 nullo
634 1952 735 2013 modo
751 1951 904 2014 convenit
919 1950 1098 2033 supposito.
1121 1950 1189 2015 Sed

222 2077 292 2121 esse
315 2057 347 2120 in
372 2057 454 2120 Filio
470 2058 623 2120 convenit
639 2058 786 2121 essentiae
808 2057 933 2121 ratione
947 2078 1013 2139 qua
1036 2066 1084 2119 est
1099 2077 1186 2119 com·

224 2164 441 2226 municabilis.
467 2163 558 2246 Ergo
582 2164 674 2227 nullo
698 2163 799 2226 modo
821 2164 974 2226 convenit
1003 2163 1185 2246 supposito.

289 2376 396 2441 Ideo
410 2340 486 2445 ,bot
504 2376 602 2443 aloia
635 2376 790 2459 opinio
817 2376 1021 2443 Bootort‘s
1041 2377 1202 2443 nostra*

222 2502 298 2565 quae
321 2482 382 2545 tria
405 2483 557 2545 declarat.

288 2586 428 2658 Pramo
453 2590 623 2671 quomodo
646 2611 712 2652 una
735 2610 877 2672 persona
899 2590 940 2652 sit
963 2590 996 2652 in
1023 2590 1095 2651 alia.
1127 2588 1187 2652 Ad

227 2696 321 2777 cujus
344 2696 541 2759 evidentiam
566 2697 748 2759 notandum
773 2698 863 2778 quod
886 2697 1007 2778 aliquid
1035 2696 1188 2759 convenit

223 2803 316 2865 alicui
329 2803 579 2885 rationepartis,
600 2803 682 2866 sicut
695 2803 787 2885 ponit
799 2803 1016 2885 Philosophus
1025 2820 1059 2886 5.
1072 2801 1194 2885 Phys...

222 2910 313 2991 quod
336 2910 437 2972 homo
461 2920 593 2972 sanatur
615 2910 693 2991 quia
708 2932 764 2972 cor
787 2911 837 2972 vel
854 2920 968 2993 pectus
983 2919 1124 2973 sanatur.
1141 2947 1185 2956 —

224 3016 375 3080 Secundo
401 3018 501 3079 modo
523 3016 646 3097 aliquid
662 3017 816 3079 convenit
831 3016 925 3079 alicui
942 3017 1010 3091 toti,
1034 3015 1078 3079 ita
1093 3017 1186 3097 quod

223 3144 288 3186 non
312 3124 465 3186 convenit
487 3122 580 3185 alicui
604 3123 676 3204 ejus
699 3124 781 3205 parti
806 3132 842 3185 ut
858 3124 1001 3205 praecise,
1024 3132 1060 3186 ut
1082 3122 1187 3185 homi·

224 3250 297 3292 nem
321 3250 391 3292 esse
413 3230 583 3309 risibilem;
607 3239 640 3292 et
664 3229 727 3292 hoc
749 3240 799 3293 est
830 3251 944 3292 verum
968 3230 1001 3292 in
1031 3229 1188 3292 omnibus

221 3336 412 3418 corporibus
436 3308 659 3420 beterogeneis
683 3336 766 3398 idest
788 3336 931 3418 partium
967 3332 1184 3399 dissimilium.

221 3442 399 3506 -Tertio
424 3444 523 3505 modo
554 3442 708 3505 convenit
737 3442 860 3524 aliquid
890 3442 985 3505 alicui
1007 3442 1191 3517 communi,

223 3550 267 3611 ita
291 3550 381 3629 quod
404 3549 556 3612 convenit
579 3548 712 3611 cuilibet
726 3548 796 3630 ejus
812 3549 905 3631 parti,
930 3548 1013 3611 sicut
1036 3558 1127 3630 patet
1143 3549 1192 3611 de·

224 3656 299 3737 igne
322 3664 355 3717 et
378 3656 410 3718 in
434 3656 623 3738 corporibus
647 3655 869 3738 homogeueis‚
894 3676 971 3717 nam
994 3664 1084 3718 totus
1099 3655 1193 3738 ignis

225 3768 274 3824 est
297 3760 420 3824 calidus
443 3771 476 3824 et
498 3762 652 3845 quaelibet
675 3762 747 3845 ejus
770 3784 844 3845 pars
866 3770 915 3825 est
938 3760 1051 3824 calida.
