2684 4209
299 251 487 314 Drsmrcr.
511 250 692 316 XXXVIII
716 250 863 333 Quasi.
888 251 903 313 1
977 263 979 266 ·
1016 251 1075 328 381

205 458 367 524 Prima
389 458 480 542 quod
504 458 595 521 Deus
617 467 666 521 est
686 477 783 520 causa
807 477 915 519 rerum
932 477 990 538 per
1013 456 1108 518 intel—

136 567 259 628 lectum
282 565 350 628 sive
372 553 430 648 per
453 565 676 650 scientiam'et
699 543 912 638 vuluntatem,
928 584 1004 646 quae
1030 585 1103 646 pru

136 673 233 735 batur
256 673 318 734 sic:
343 673 426 734 Illud
450 672 540 754 quod
565 691 630 734 non
654 671 805 753 producit
829 691 885 752 per
901 670 1099 732 intellectum
1136 655 1138 658 ⁵

138 789 172 842 et
195 779 398 842 voluntatem
424 778 559 842 refertur
581 778 735 842 relatione
759 777 833 840 reali
857 778 899 839 ad
916 797 1011 840 suum
1029 798 1101 859 pro-

136 887 292 961 ductum;
317 887 373 948 sed
399 885 489 948 Deus
512 907 578 948 non
602 884 736 948 refertur
760 883 913 948 relatione
944 884 1019 945 reali
1053 884 1096 945 ad

135 1013 205 1067 res;
229 987 309 1076 ergu
334 993 424 1056 Deus
447 991 597 1074 producit
620 1012 679 1074 per
702 991 901 1054 intellectum
925 1000 957 1053 et
988 991 1101 1052 volun-

135 1108 250 1162 tatem.

206 1207 379 1281 Proeterea,
403 1205 486 1268 sicut
508 1226 543 1267 se
565 1205 665 1269 habet
689 1205 780 1268 Deus
810 1205 852 1267 ad
883 1225 933 1267 res
963 1214 1096 1278 creatas,

134 1313 182 1375 sic
204 1313 321 1376 artifex
344 1313 386 1374 ad
409 1310 594 1388 artificiata;
618 1313 675 1375 sed
698 1311 815 1375 artifex
847 1311 998 1393 producit
1028 1311 1101 1372 arti·

135 1419 249 1482 ficium
273 1440 330 1502 per
352 1420 552 1483 intellectum
576 1429 608 1482 et
641 1419 855 1482 voluntatem.
875 1417 919 1480 Et
947 1417 1019 1481 haec
1050 1427 1099 1480 est

136 1526 220 1589 ratio
242 1526 382 1589 Thomae
407 1527 464 1589 ubi
485 1537 595 1608 supra.

200 1634 387 1706 Frentanus
399 1635 489 1696 Deus
504 1618 667 1696 est'causa
684 1653 791 1695 rerum
811 1633 1014 1695 nobilissimo
1032 1653 1098 1696 mu

133 1741 181 1802 do
204 1741 423 1823 producendi3
447 1741 504 1803 sed
520 1741 738 1803 nobilissimus
754 1740 872 1802 modus
895 1740 1094 1821 producendi

132 1857 185 1910 est
208 1869 265 1929 per
289 1848 487 1911 Intellectum
510 1857 542 1911 et
565 1848 785 1912 voluntatem:
818 1867 898 1929 ergo
929 1849 1020 1910 Deus
1047 1855 1096 1909 est

135 1974 236 2017 causa
259 1975 365 2016 rerum
390 1975 447 2036 per
471 1954 669 2017 intellectum
694 1963 726 2017 et
749 1955 964 2016 voluntatem.

130 2205 138 2210 ·
204 2165 408 2234 Secunda
427 2166 660 2233 Conclusio
669 2169 760 2250 quod
779 2170 870 2230 Deus
889 2167 1098 2249 principalius

130 2282 184 2337 est
206 2295 304 2337 causa
328 2295 434 2337 rerum
459 2297 515 2357 per
539 2276 742 2337 voluntatem
759 2294 859 2356 quam
877 2295 933 2356 per
958 2274 1098 2336 intellec·

133 2391 218 2444 tum.
244 2381 345 2464 Quod
368 2383 524 2465 probatur
547 2382 608 2444 sic:
633 2382 774 2469 quandov
790 2381 898 2462 aliqua
921 2380 966 2444 sic
990 2402 1023 2443 se
1040 2380 1096 2443 ha-

132 2488 213 2550 bent
236 2490 326 2571 quod
350 2510 452 2552 unum
476 2499 525 2552 est
556 2489 751 2571 principium
782 2488 1096 2570 repraesentativum.

131 2605 167 2657 et
190 2595 277 2658 aliud
300 2605 348 2659 est
371 2596 566 2678 principium
590 2595 765 2657 elicitivum
789 2604 822 2657 et
853 2595 1095 2676 productivum,

133 2701 342 2784 principalius
364 2712 413 2765 est
436 2702 629 2786 principium
654 2702 884 2784 productivum
916 2722 1016 2783 quam
1049 2722 1096 2763 re-

133 2810 416 2890 praesentativum3
440 2811 496 2872 sed
520 2809 700 2872 intellectus
723 2819 770 2871 est
794 2808 988 2890 principium
1012 2829 1097 2870 crea-

132 2924 281 2978 turarum
306 2917 616 2999 repraesentativum,
641 2917 792 2978 voluntas
815 2924 925 2978 autem
949 2915 1096 2996 estprin-

133 3022 255 3103 cipium
287 3023 462 3085 elicitivum
485 3033 518 3086 et
552 3022 801 3106 productivum;
830 3043 910 3104 ergo
945 3023 1098 3084 voluntas

132 3138 183 3191 est
207 3129 413 3212 principalius
436 3131 629 3212 principium
654 3151 754 3211 quam
780 3129 968 3192 intellectus

200 3235 373 3311 Praeterea,
398 3238 477 3300 illud
500 3237 708 3319 principalius
736 3236 812 3299 lacit
850 3237 891 3298 ad
932 3235 1095 3306 eflectum,

133 3363 202 3423 quo
225 3343 331 3424 posito
355 3345 487 3426 ponitur
509 3344 642 3407 effectus
673 3342 922 3425 circumscriptis
953 3363 1010 3424 per
1034 3343 1095 3404 im·

134 3449 286 3530 possibile
309 3451 461 3513 omnibus
484 3451 561 3525 aliis,
586 3460 618 3514 et
642 3469 707 3513 non
732 3452 839 3533 posito
871 3470 936 3512 non
962 3450 1093 3531 ponitur

132 3554 281 3630 effectus;
305 3558 361 3619 sed
386 3557 573 3638 hujusmodi
597 3566 646 3620 est
661 3568 753 3620 actus
776 3556 952 3619 voluntatis
976 3556 1093 3617 divinae

132 3671 167 3725 et
190 3683 256 3725 non
279 3663 469 3740 intellectus
493 3685 570 3727 nam
594 3664 840 3746 circumscripto
863 3683 920 3744 per
951 3663 1096 3746 impossi-
