2684 4209
320 256 506 327 Drsrrncs.
531 259 679 322 XXXVI
705 258 854 341 Qunsr.
880 261 909 323 ΙΙ
1048 262 1113 342 369

215 464 320 532 An'n
345 464 500 548 opinio
522 466 600 528 dicit
622 467 713 548 quod
741 466 911 547 dupliciter
935 487 1111 550 possumus

149 573 241 655 ioqui
264 573 305 634 de
329 593 372 646 re,
397 573 474 654 quia
497 581 546 634 est
570 593 619 634 res
636 572 758 654 prime
789 573 979 636 intentionis
1008 583 1041 636 et
1067 595 1112 636 se-

77 747 86 758 ·
138 679 262 741 cnirde
285 678 485 742 intentionis.
511 680 577 742 Res
600 680 734 761 quidem
751 661 903 742 secundae
924 681 1110 744 intentionis

150 806 218 848 non
241 784 363 848 habent
387 786 495 848 ideam
520 785 551 847 in
577 786 659 848 Deo.
685 786 750 849 Res
781 795 891 848 autem
923 786 1037 868 primae
1068 787 1113 849 in-

141 892 298 955 tentionis
321 893 566 974 distinguuntur
589 892 622 954 in
646 913 714 954 rem
728 893 912 955 naturalem
936 903 968 955 et
992 892 1023 955 in
1040 914 1110 955 rem

137 1000 365 1082 artificialem.
390 1001 456 1063 Res
478 1000 611 1082 quidem
634 997 806 1062 artificialis
829 1020 895 1062 non
921 999 1020 1062 habet
1042 999 1112 1064 ide-

143 1125 201 1168 am
226 1107 257 1169 in
282 1107 372 1182 De0;
398 1127 447 1168 res
477 1116 588 1169 autem
620 1107 781 1170 naturales
812 1107 920 1169 adhuc
951 1106 1109 1188 distingu-

143 1221 255 1286 untur,
279 1214 357 1294 quia
379 1213 533 1294 quaedam
550 1222 626 1277 sunt
642 1213 744 1286 adse,
764 1215 918 1295 quaedam
934 1215 982 1276 nd
1000 1213 1105 1292 aliud.

143 1321 213 1382 Res
235 1321 367 1401 quidem
391 1319 565 1392 adalind,
593 1329 669 1382 sunt
692 1330 817 1402 septem
849 1321 1103 1402 praedicamenta

143 1427 334 1508 respectiva,
358 1435 391 1489 et
414 1427 474 1489 ista
497 1447 563 1489 non
588 1427 710 1489 habent
734 1428 839 1490 ideam
864 1428 895 1490 in
921 1428 1003 1502 De0,
1028 1427 1109 1509 quia

141 1534 236 1615 quod
259 1554 325 1596 non
349 1533 449 1597 habet
472 1533 637 1615 propriam
660 1534 849 1608 realitatem,
875 1555 940 1597 nou
965 1534 1064 1597 habet
1084 1533 1105 1594 i-

141 1640 260 1716 deam;
285 1641 342 1703 sed
365 1640 478 1703 relatio
501 1660 567 1702 uon
591 1638 690 1703 habet
714 1641 891 1703 realitatem
909 1651 1026 1722 praeter
1042 1663 1110 1705 rea-

142 1746 270 1810 litatem
301 1747 523 1831 smidamenti;
552 1767 632 1829 ergo
666 1767 733 1810 non
765 1746 863 1810 habet
894 1748 1011 1811 ideam.
1046 1751 1111 1813 Res

140 1862 256 1915 autem
279 1854 442 1916 naturales
464 1853 565 1926 adse,
587 1854 840 1936 distinguuntur,
858 1854 934 1936 quia
949 1856 1105 1937 quaedam

140 1969 221 2024 sunt
236 1961 278 2022 ad
290 1981 324 2023 se
346 1960 570 2032 essentialiter,
591 1970 628 2023 ut
647 1961 836 2034 substantia,
853 1963 1009 2044 quaedam
1030 1972 1107 2024 sunt

140 2067 187 2130 ad
210 2087 244 2129 se
266 2066 519 2139 accidentaliter,
548 2077 585 2129 ut
607 2067 772 2148 quantitas
802 2076 835 2129 et
864 2068 1011 2149 qualitas.
1045 2070 1110 2132 Res

140 2183 255 2236 autem
278 2173 326 2235 ad
344 2194 378 2235 se
399 2174 622 2245 essentialiter,
640 2183 677 2236 ut
696 2183 771 2235 sunt
788 2175 976 2236 substantiae
993 2176 1104 2237 distin·

141 2289 299 2364 guuntur,
313 2280 390 2362 quia
401 2280 556 2362 quaedam
570 2280 843 2342 suntsubstantiae
857 2281 963 2355 totins,
977 2291 1010 2344 et
1022 2303 1110 2363 quae·

139 2389 232 2460 dam,
245 2387 434 2449 substantiae
445 2387 560 2468 partis.
574 2387 685 2448 Partes
697 2387 831 2469 quidem·
842 2387 1031 2451 substantiae
1041 2389 1110 2451 sive

140 2493 333 2558 substantiae
357 2494 498 2575 partium
523 2514 588 2555 non
613 2492 736 2556 habeut
756 2473 920 2576 propriam
941 2495 1048 2557 ideam
1074 2495 1105 2557 in

142 2601 236 2676 Deo;
249 2601 429 2662 substantia
445 2619 521 2662 vero
537 2599 605 2662 sive
618 2600 785 2681 quidditas
801 2602 900 2663 totius
917 2601 1015 2663 habet
1031 2622 1110 2682 pro-

146 2706 253 2790 priam
277 2707 383 2770 ideam
408 2708 439 2769 in
465 2707 547 2768 De0.

212 2918 318 2985 Alia
342 2924 410 2985 eat
432 2920 585 3003 opinio
607 2939 707 3001 quam
738 2927 843 2993 tene0,
875 2919 965 3000 quod
996 2919 1109 2982 omnia

147 3027 272 3092 habent
294 3027 400 3089 ideam
425 3028 456 3090 in
481 3027 564 3100 Dee,
588 3027 698 3088 omnia
722 3027 794 3090 dico
811 3026 949 3108 positiva
964 3025 1032 3088 sive
1054 3046 1109 3089 en-

142 3135 192 3200 tia
216 3134 382 3206 naturalia,
407 3134 473 3196 sive
496 3132 682 3206 artificialia,
707 3149 835 3214 genera,
860 3133 983 3214 species
1005 3142 1038 3194 et
1060 3133 1108 3194 in-

141 3240 287 3313 dividua,
312 3241 491 3314 relationes
517 3240 660 3312 materia,
685 3241 913 3321 compositum
929 3249 962 3302 et
985 3250 1102 3321 partes.

142 3347 248 3427 Cujus
270 3347 351 3408 ratio
373 3356 421 3409 est
444 3347 521 3429 quia
544 3347 615 3408 idea
638 3355 686 3408 est
710 3367 759 3408 res
775 3347 934 3427 objective
957 3347 1105 3429 cognita,

141 3455 199 3516 sed
212 3454 323 3516 omnia
337 3454 493 3535 praedicta
512 3463 587 3515 sunt
604 3473 653 3515 res
669 3453 829 3532 objective
845 3453 1004 3534 cognitae;
1022 3474 1102 3534 ergo

143 3561 257 3622 omnia
281 3561 438 3643 praedicta
462 3560 583 3622 habeut
606 3560 712 3622 ideam
737 3560 768 3622 in
794 3560 876 3621 De0.

211 3669 280 3730 Nec
295 3668 383 3730 di'cta
399 3667 651 3754 precedentium
667 3666 855 3748 opinionum
871 3667 989 3729 valent.
1021 3665 1106 3729 Cum

1000 3795 1028 3837 n
1095 3826 1098 3834 .
