2684 4209
238 229 301 292 268
497 229 571 292 Lra.
596 230 611 293 Ι
635 229 930 294 Sanrrnrmnun

208 444 504 518 quantumcunque
526 455 630 498 unum
669 435 840 499 relativum
863 435 905 499 sit
942 436 984 498 de
1022 434 1181 517 primario

208 551 372 625 conceptu
394 542 534 616 alterius,
551 551 588 604 ut
604 551 695 624 patet
718 542 750 604 in
768 543 905 624 proeced.
922 541 1046 616 Amic„
1067 541 1178 605 adhuc
1205 547 1213 560 “

209 648 237 710 si
261 649 359 712 dictio
388 648 554 711 exclusiva
576 647 707 711 additur
731 641 793 711 uni'
810 648 944 711 relativo
966 648 1112 712 excludit
1132 647 1177 711 al-

208 763 329 830 terum,
346 775 422 818 nam
440 763 476 818 ut
499 754 666 818 dicebatur
690 775 797 837 supra,
815 775 918 818 unum
935 754 1106 818 relativum
1129 763 1178 818 est

209 861 253 924 de
275 871 436 945 conceptu
460 863 613 944 primario
651 862 781 924 alterius
819 861 994 944 aliquando
1032 882 1099 925 non
1137 870 1174 923 ut

211 968 298 1031 idem
321 968 378 1031 sed
401 977 438 1031 ut
460 968 565 1036 aliud.
594 1006 639 1015 —
660 969 756 1031 Tunc
778 969 925 1051 arguitur
948 969 1007 1030 sic:
1043 968 1176 1050 quando

210 1074 311 1137 dictio
334 1075 500 1138 exclusiva
522 1075 652 1138 additur
675 1074 769 1137 alicui
804 1083 841 1137 ut
879 1075 1097 1157 distinguatur
1133 1073 1175 1136 ab

211 1181 286 1255 alio,
303 1179 378 1244 facit
401 1182 624 1244 exclusionem
648 1181 732 1244 circa
755 1181 847 1256 illud;
872 1182 930 1244 sed
953 1181 1052 1244 dictio
1067 1180 1175 1244 exclu-

210 1287 281 1350 siva
303 1287 432 1350 additur
456 1281 590 1351 relativo
614 1296 650 1352 ut
678 1288 895 1370 distinguatur
919 1288 961 1350 ab
983 1288 1047 1350 alio
1071 1288 1172 1350 relati-

213 1415 270 1470 vo;
294 1415 383 1477 ergo.
408 1431 453 1443 —
475 1396 638 1459 Proeterea
661 1395 762 1458 dictio
784 1395 950 1459 exclusiva
973 1394 1085 1457 addita
1122 1394 1175 1457 ali-

213 1501 266 1563 cui
290 1511 327 1564 ut
350 1501 449 1565 habet
471 1502 713 1585 oppositionem
736 1503 778 1564 ad
802 1502 899 1575 aliud,
924 1500 1000 1564 facit
1022 1501 1177 1564 exclusio

213 1627 289 1670 nem
313 1608 398 1670 circa
420 1609 499 1670 illud
506 1631 514 1686 ;
538 1608 596 1671 sed
618 1609 718 1670 dictio
741 1608 907 1671 exclusiva
929 1607 1060 1671 additur
1076 1607 1176 1670 relati·

210 1735 254 1776 vo
278 1724 315 1777 ut
338 1714 437 1778 habet
459 1715 700 1797 oppositionem
724 1715 766 1777 ad
789 1715 876 1777 aliud
894 1713 1080 1791 relativum;
1097 1734 1175 1797 ergo

210 1821 359 1884 excludit
381 1821 460 1883 illud
484 1821 664 1884 relativum.

277 1927 336 1990 Ad
342 1929 491 2010 primum
516 1928 728 2011 praecedentis
752 1927 913 2018 opinionis
936 1936 1026 2010 patet
1048 1947 1091 1991 ex
1107 1927 1170 1990 dic-

210 2034 266 2110 tis;
290 2055 366 2096 nam
390 2035 489 2097 dictio
512 2035 679 2098 exclusiva
702 2035 813 2097 addita
835 2035 929 2096 alicui
947 2055 1012 2097 non
1028 2033 1174 2097 excludit

211 2140 291 2203 illud
314 2141 404 2223 quod
427 2150 475 2204 est
498 2142 540 2203 de
563 2140 717 2223 primario
740 2151 900 2222 conceptu
918 2141 988 2222 ejus
1012 2150 1048 2203 ut
1072 2139 1167 2214 idem,

207 2247 292 2310 sicut
315 2248 497 2329 ponebatur
512 2248 703 2329 exemplum
720 2247 761 2310 de
777 2247 909 2310 homine
925 2256 957 2310 et
973 2247 1014 2309 de
1034 2245 1174 2321 animali,

208 2353 265 2416 sed
290 2353 372 2417 bene
394 2353 540 2417 excludit
562 2353 641 2416 illud
664 2354 755 2436 quod
782 2363 831 2416 est
853 2354 894 2416 de
925 2353 995 2434 ejus
1018 2353 1172 2434 primario

207 2471 369 2543 conceptu
394 2471 430 2523 ut
450 2460 558 2533 aliud,
586 2471 623 2522 ut
645 2461 729 2524 sicut
753 2469 920 2542 ponuntur
937 2460 1077 2524 relativa.

277 2567 336 2629 Ad
354 2569 529 2630 secundum
541 2560 615 2630 dico
638 2568 729 2650 quod
753 2587 819 2629 non
835 2568 931 2640 valet,
948 2567 1024 2649 quia
1040 2573 1171 2629 nonest

209 2674 313 2736 simile
336 2675 377 2737 de
400 2683 492 2756 parte
514 2683 547 2737 et
570 2675 612 2736 de
634 2683 705 2736 toto
732 2683 764 2736 et
788 2675 829 2736 de
860 2673 999 2737 relativis
1029 2673 1072 2736 ad
1096 2672 1172 2735 invi·

210 2802 293 2855 cem,
318 2781 395 2862 quia
418 2801 492 2862 pars
516 2791 552 2842 ut
574 2790 623 2843 est
646 2781 679 2843 in
703 2790 773 2843 toto
797 2800 862 2843 non
886 2789 934 2843 est
950 2779 1037 2842 aliud
1058 2787 1173 2852 atot0‚

211 2887 381 2950 relativum
405 2896 514 2950 autem
539 2897 588 2950 est
610 2888 698 2950 aliud
721 2909 741 2950 a
764 2909 823 2950 suo
846 2886 1047 2950 correlativo.

278 3101 342 3167 Be
358 3101 486 3167 temo
501 3100 697 3168 Arlz‘culo
709 3101 782 3163 dico
798 3101 888 3183 quod
904 3101 964 3163 ista
976 3099 1167 3183 propositio:

210 3207 308 3271 Solus
330 3208 433 3270 Pater
454 3219 502 3271 est
523 3209 621 3281 Deus,
646 3228 713 3270 non
736 3217 785 3269 est
807 3228 892 3270 vera.
917 3207 975 3270 Ad
999 3206 1093 3288 cujus
1108 3205 1173 3268 evi-

210 3315 354 3377 dentiam
380 3315 545 3396 praemitto
561 3324 626 3376 tres
642 3314 770 3396 regulas
793 3315 834 3399 de
849 3311 1044 3376 dictaunibus
1062 3313 1138 3375 excl
1159 3348 1172 3359 -

207 3421 302 3495 rivis,
326 3429 424 3484 etex
448 3421 508 3483 illis
531 3421 722 3502 probabitur
745 3420 907 3482 intentum
931 3419 1106 3501 tripliciter.

276 3528 396 3590 Prima
419 3528 535 3610 regula
551 3536 599 3589 est
615 3527 676 3588 ista
695 3527 786 3607 quod
801 3526 967 3589 exclusiva
982 3524 1173 3588 affirmativa

134 3673 140 3684 ·
209 3631 305 3696 infert
329 3634 544 3696 universalem
560 3634 787 3694 affirmativam
812 3634 853 3695 de
868 3632 1013 3694 terminis
1029 3641 1174 3714 transpo-
