2684 4209
414 269 601 336 Drsrrncr.
626 269 676 332 VI
702 267 848 350 Qonsr.
873 270 889 332 Ι
1088 285 1148 350 137

274 475 337 540 De
362 473 565 540 Secundo
588 473 788 540 Articuli]
811 474 898 537 dico:
916 476 983 537 duo
1004 483 1081 536 sunt
1096 495 1172 557 quae

201 581 327 645 faciunt
357 582 505 656 dubium,
532 582 682 662 primum
713 581 739 644 si
773 581 884 663 aliquo
924 583 1024 644 modo
1065 590 1173 664 potest

199 688 339 752 concedi
363 689 453 770 quod
477 689 571 751 Pater
595 697 728 771 generet
752 687 871 750 Filium
895 690 1016 762 volens,
1041 698 1073 752 et
1095 689 1173 751 dato

200 796 295 878 quod
318 795 373 868 sic,
398 795 541 877 sequitur
564 795 740 858 secundnm
767 796 920 858 dubium:
945 796 970 856 si
997 796 1092 858 Pater
1121 816 1173 877 ge-

202 911 296 964 neret
321 902 440 963 Filium
464 903 633 965 voluntate
657 903 690 965 in
716 903 841 966 ratione
864 902 1011 984 principii
1035 902 1172 964 elicitivi.

276 1004 475 1094 Quantum
499 1005 554 1075 ad
572 1007 761 1094 primum,
778 1011 857 1072 dicit
873 1007 1066 1072 Gothfrldus
1094 1007 1176 1084 Quo

206 1115 260 1176 lib.
282 1132 317 1198 5.
342 1137 371 1196 q.
396 1133 440 1198 4.,
469 1116 560 1197 quod
583 1115 678 1177 Pater
707 1135 774 1178 non
803 1124 938 1198 generat
969 1115 1087 1177 Filium
1119 1115 1175 1176 ali-

200 1243 273 1303 quo
303 1221 406 1284 modo
437 1222 559 1296 volens
595 1223 673 1304 quia
711 1223 883 1286 intellectio
920 1223 1022 1285 Patris
1064 1223 1176 1303 aliquo

207 1330 308 1390 modo
333 1329 488 1410 praecedit
505 1328 740 1411 quodcumque
759 1331 841 1393 velle
864 1331 975 1403 Patris,
992 1330 1172 1392 secundum

207 1436 435 1518 Augustinum
459 1455 490 1519 4.
515 1437 554 1498 de
579 1437 693 1510 Trin.‚·
717 1437 775 1500 sed
799 1436 971 1499 intellectio
995 1436 1107 1509 Patris,
1140 1444 1177 1498 ut

205 1543 319 1614 Patris
343 1551 392 1604 est
415 1543 553 1625 gignitio
577 1543 662 1615 Filii;
695 1564 775 1626 ergo
799 1543 964 1625 generatio
994 1543 1065 1604 Filii
1096 1563 1177 1624 prae-

206 1650 293 1712 cedit
324 1650 558 1731 quodcumque
589 1650 670 1712 velle
711 1651 823 1712 Patris.
861 1650 979 1712 Minor
1009 1650 1176 1732 probatur,

205 1757 284 1837 quia
307 1757 454 1837 ejusdem
479 1757 633 1839 potentiae
671 1776 736 1818 non
771 1766 909 1838 possunt
939 1777 1008 1819 esse
1038 1758 1106 1818 duo
1129 1777 1179 1818 ac·

208 1873 260 1924 tus
284 1864 410 1937 diversi,
448 1885 523 1925 narn
558 1872 650 1927 actus
689 1863 901 1946 distinguitur
936 1885 992 1945 per
1017 1863 1178 1945 potentias

202 1989 248 2030 ex
271 1989 302 2032 2.
327 1971 366 2032 de
389 1971 524 2032 Am'rna.

278 2077 346 2139 Sed
366 2078 486 2140 diceres
509 2079 598 2160 quod
633 2098 787 2160 generare
817 2087 850 2158 et
882 2077 1059 2158 intelligere
1090 2097 1178 2158 spec·

208 2193 280 2246 tant
303 2184 345 2245 ad
369 2185 548 2266 potentiam
574 2185 818 2258 intellectivam,
836 2205 910 2265 quae
927 2183 1113 2265 simpliciter
1129 2193 1177 2244 est

165 2269 169 2280 ⁸
210 2311 289 2366 una;
313 2311 393 2373 ergo
417 2291 593 2374 intelligere
616 2301 649 2354 et
673 2313 827 2374 generare
846 2300 922 2354 sunt
938 2291 1034 2352 idem.
1051 2327 1095 2337 —
1113 2290 1181 2352 Sed

208 2395 278 2459 lroec
296 2398 414 2478 positio
439 2419 503 2459 non
528 2399 622 2470 valet,
647 2399 724 2480 quia
748 2399 846 2460 habet
871 2398 1026 2459 minorem
1051 2396 1175 2469 falsam,

209 2503 283 2565 ideo
306 2505 528 2585 consequentia
552 2506 641 2567 nulla
676 2515 734 2567 est.
768 2505 905 2567 Falsitas
936 2514 1046 2567 autem
1078 2505 1178 2565 utino·

209 2611 258 2673 ris·
293 2611 449 2692 probatur
484 2612 542 2674 sic:
586 2611 730 2694 Quando
764 2613 872 2694 aliqua
907 2611 951 2674 sic
987 2632 1020 2673 se
1056 2611 1177 2673 habent

209 2720 300 2799 quod
326 2739 428 2781 unurn
453 2719 530 2780 dicit
554 2719 786 2801 perfectionem
811 2718 996 2799 simpliciter
1027 2727 1059 2780 et
1089 2719 1176 2780 aliud

210 2845 287 2900 non,
312 2825 364 2886 illa
388 2846 453 2887 non
478 2835 554 2887 sunt
577 2824 765 2906 simpliciter
796 2827 897 2901 idcm;
936 2825 991 2887 sed
1019 2846 1178 2906 generare

209 2933 278 2994 sive
302 2933 408 2995 dicere
432 2951 496 2993 non
521 2941 569 2994 est
594 2932 748 3013 perfectio
772 2933 970 3014 simpliciter,
996 2932 1179 3013 intellegere

215 3048 326 3101 autem
350 3049 399 3101 est
422 3037 577 3120 perfectio
600 3039 803 3120 simpliciter;
827 3060 906 3120 ergo
931 3059 996 3100 non
1013 3049 1089 3100 sunt
1105 3039 1179 3100 sirn-

208 3147 333 3228 pliciter
367 3147 463 3208 idem.
496 3147 616 3209 Prima
642 3158 725 3227 pars
756 3145 893 3208 minoris
924 3145 1081 3227 probatur
1113 3147 1175 3207 sic:

210 3253 287 3335 quia
311 3253 335 3314 si
360 3273 514 3335 generare
537 3264 621 3316 esset
645 3252 798 3335 perfectio
814 3252 1011 3334 simpliciter,
1033 3273 1109 3313 curn
1129 3253 1179 3313 Fi-

212 3361 272 3422 lius
295 3369 328 3422 et
345 3359 483 3441 Spiritus
504 3359 643 3422 Sanctus
662 3381 728 3422 non
744 3367 909 3442 generent,
927 3359 1072 3439 sequitur
1088 3361 1178 3441 quod

212 3487 279 3530 non
302 3477 409 3530 essent
434 3466 564 3549 perfecti
597 3467 793 3549 simpliciter.
827 3467 976 3529 Secunda
1004 3479 1088 3548 pars
1119 3468 1178 3529 mi-

212 3575 302 3636 noris
326 3575 482 3656 probatur
505 3575 582 3656 quia
610 3577 704 3638 Pater
736 3585 896 3656 quantum
929 3576 970 3637 ad
1001 3575 1179 3656 intelligere

205 3690 262 3744 est
289 3680 430 3764 perfecte
462 3683 591 3758 beatus;
624 3683 792 3744 beatitudo
823 3691 933 3743 autem
969 3681 1116 3744 consistit
1147 3682 1177 3742 in
