2684 4209
349 273 533 336 Drsrrncr.
558 273 674 338 vat
694 287 834 350 onnsr.
859 275 874 338 Ι
1007 292 1072 356 433

200 478 261 541 An
285 492 428 542 rnruuu
460 493 499 540 ur
524 491 765 544 conrnnmuu
797 479 913 542 dicitur
945 481 1098 563 multipl'r

129 585 220 647 citer.
236 585 352 648 Primo
367 586 547 647 secundum
560 585 799 666 expositionem
816 585 1005 668 Augustini,
1019 587 1097 668 quia

130 692 270 773 exponit
292 693 495 774 Apostolum
518 693 580 754 sic:
606 693 697 754 Deus
716 693 787 754 vult
810 712 924 756 omnes
948 693 1097 756 homines

131 799 238 860 salvos
261 797 338 871 fieri,
364 799 445 862 idest
475 798 531 880 qui
562 799 641 861 salvi
673 797 759 872 fient,
797 798 840 861 ita
863 801 953 880 quod
988 796 1100 864 omnis

130 904 186 986 qui
210 905 319 968 salvus
341 904 387 979 fit,
418 907 587 968 voluntate
619 906 681 968 Dei
712 906 819 968 salvus
858 905 905 969 fit.
951 943 995 953 -
1018 907 1099 970 Alio

130 1013 223 1075 modo
246 1013 422 1094 exponitur
445 1013 491 1075 sic
514 1014 605 1094 quod
637 1012 813 1075 auctoritas
844 1022 891 1075 est
926 1033 1001 1075 vera
1036 1035 1099 1094 pro

129 1119 304 1200 generibus
327 1119 541 1201 singulorum,
566 1128 599 1182 et
621 1138 687 1181 non
720 1118 857 1182 intendit
886 1139 958 1180 eam
991 1120 1099 1182 dicere

128 1246 242 1288 veram
265 1246 334 1288 esse
357 1247 417 1308 pro
441 1226 575 1309 singulis
598 1247 767 1308 generum.
793 1227 841 1288 lta
865 1236 901 1288 ut
924 1227 965 1289 sit
994 1227 1098 1288 distri-

128 1333 223 1396 butio
246 1334 462 1395 accommoda
478 1333 541 1395 sub
557 1334 619 1395 isto
642 1353 749 1406 sensu,
766 1333 923 1407 videlicet,
941 1334 1011 1396 vult
1027 1354 1099 1395 om·

128 1460 188 1502 nes
214 1439 362 1502 homines
383 1441 490 1502 salvos
514 1439 592 1513 fieri,
605 1440 695 1501 idest·
711 1439 837 1520 aliquos
861 1439 902 1501 de
924 1439 1014 1503 omni
1031 1450 1097 1502 sta-

127 1556 166 1609 tu
191 1547 259 1609 sive
275 1567 377 1628 parvo
399 1546 468 1608 sive
483 1566 618 1628 magno,
635 1547 706 1609 vult
717 1546 824 1608 salvos
847 1544 924 1608 fieri.
948 1582 993 1593 —
1022 1547 1093 1609 Ter-

126 1655 176 1716 tio
199 1654 291 1716 modo
313 1653 507 1735 exponitur:
531 1653 615 1716 Vult
638 1673 752 1716 omnes
776 1652 924 1716 homines
947 1662 1008 1720 etc.
1031 1675 1091 1716 vo-

127 1761 255 1822 luntate
278 1761 490 1822 antecedente
513 1781 588 1842 quae
612 1769 661 1822 est
685 1759 915 1834 conditionata,
941 1781 1006 1822 non
1041 1781 1095 1821 au-

126 1877 196 1929 tem
221 1869 389 1929 voluntate
412 1876 631 1948 consequente
653 1887 729 1948 quae
753 1875 801 1929 est
821 1866 1044 1940 determinata,
1061 1875 1094 1927 et

124 1985 178 2037 est
200 1973 273 2035 talis
296 1993 428 2036 sensus:
454 1974 545 2036 Deus
568 1974 637 2036 vult
660 1993 776 2036 omnes
799 1974 905 2036 salvos
929 1972 995 2035 fieri
1031 1974 1092 2036 sub

126 2082 189 2143 ista
213 2081 408 2155 conditione,
432 2081 457 2142 si
488 2100 555 2142 non
588 2089 716 2162 ponunt
751 2080 877 2143 obicem
915 2081 1094 2143 mortaliter

121 2188 305 2270 peccando.
