2684 4209
251 214 313 277 392
516 197 591 262 Lrss.
615 197 630 260 Ι
654 198 954 261 Snnrnnrrnnuu

223 410 345 483 quaet
368 423 434 465 non
458 401 578 477 facere3
602 403 658 465 sed
682 401 745 465 hoc
768 412 851 464 esset
874 399 995 464 falsum
1019 402 1045 463 si
1077 401 1192 464 omnia

222 509 389 572 evenirent
410 530 454 571 ex
477 509 681 584 necessitate;
706 529 795 591 ergo.
819 545 864 556 —
887 508 1061 580 Preterea,
1085 509 1194 591 argui-

224 625 278 677 tur
301 615 343 677 ab
365 615 434 678 aliis
449 616 507 678 sic:
533 616 567 679 Si
591 636 694 678 unum
722 615 959 678 contrariorum
999 615 1136 696 ponitur
1160 617 1190 676 in

226 731 340 784 natura
355 733 485 804 oportet
508 743 628 805 ponere
639 723 787 797 alterurn,
812 742 842 786 1.
871 723 911 784 de
937 721 1113 785 Gemuit:
1136 723 1190 784 sed

224 849 354 892 necesse
375 839 408 891 et
431 830 623 912 contingens
645 831 899 905 contrariantur;
923 851 1007 912 ergo
1031 850 1109 891 cum
1133 829 1187 890 ali-

221 956 289 1017 qua
310 937 461 999 eveniant
484 937 671 1010 necessario
688 945 818 1018 oportet
840 937 930 1017 quod
953 937 1063 1018 aliqua
1086 936 1191 998 eveni-

222 1051 279 1104 ant
302 1043 536 1125 contingenter.
560 1079 605 1090 -
633 1042 753 1106 Ultimo
769 1042 827 1106 sic:
853 1041 887 1106 Si
903 1043 1012 1124 aliqua
1023 1043 1188 1111 eveniunt,

220 1148 375 1212 eveniunt
399 1159 435 1210 ut
458 1149 563 1231 prima
586 1170 682 1212 causa
705 1150 775 1212 vult
798 1170 836 1212 ea
857 1149 1003 1225 evenire;
1033 1149 1092 1212 sed
1123 1149 1187 1230 pri·

223 1275 277 1316 ma
300 1276 397 1318 causa
420 1256 490 1318 vult
512 1256 620 1337 aliqua
642 1256 769 1319 evenire
792 1256 1036 1338 contingenter;
1061 1277 1142 1338 ergo
1157 1276 1189 1318 a·

222 1362 311 1443 liquo
333 1363 487 1425 eveniunt
509 1363 541 1426 in
566 1363 717 1426 universo
740 1363 974 1445 contingenter.
988 1399 1034 1410 -
1051 1363 1097 1425 Et
1113 1383 1188 1426 con·

223 1469 402 1532 elusionem
426 1469 561 1531 istarum
585 1471 748 1532 rationum
771 1480 877 1532 teneo,

289 1576 348 1637 Ad
361 1577 511 1657 primum
534 1586 765 1658 argumentum
782 1576 994 1658 praecedentis
1010 1575 1182 1658 opinionis,

223 1701 309 1764 nego
331 1683 598 1764 consequentiam.
623 1683 681 1746 Ad
699 1683 930 1764 probationem,
954 1683 1091 1764 quando
1109 1683 1182 1746 dici·

221 1798 288 1851 tur:
313 1789 464 1870 possibile
487 1790 594 1871 posito
616 1790 649 1851 in
673 1810 742 1852 esse
766 1791 892 1853 nullum
908 1790 1056 1871 sequitur
1068 1790 1187 1872 impos

220 1895 321 1970 sibile,
344 1897 475 1958 concedo
497 1897 662 1971 absolute;
687 1897 743 1959 sed
766 1894 851 1958 facta
881 1897 1107 1979 suppositione
1138 1905 1187 1959 est

220 2002 427 2084 impossibile,
452 2003 541 2065 verbi
565 2003 685 2085 gratia:
711 2002 861 2084 possibile
876 2003 1026 2085 estquod
1043 2023 1108 2086 ego
1120 2022 1185 2065 non

221 2129 366 2183 moveor,
390 2119 423 2171 et
446 2109 509 2171 hoc
532 2109 639 2190 posito
661 2110 695 2171 in
718 2129 786 2171 esse
810 2109 935 2172 nullum
959 2109 1109 2191 sequitur
1129 2111 1186 2171 im-

220 2215 385 2296 possibile;
409 2216 465 2278 sed
489 2213 574 2277 iacta
597 2215 820 2297 suppositione
842 2216 932 2297 quod
955 2237 1019 2299 ego
1043 2236 1183 2288 curram,

220 2321 246 2382 si
269 2331 443 2403 poneretur
466 2322 545 2384 illud
569 2322 767 2404 impossibile
790 2323 878 2404 quod
915 2343 980 2385 non
1022 2343 1180 2394 moverer,

219 2429 364 2509 sequitur
387 2429 594 2511 impossibile,
618 2430 721 2491 immo
737 2438 947 2511 sequerentur
960 2429 1180 2511 impossibilia.

218 2535 269 2597 Ita
292 2535 324 2597 in
348 2537 515 2618 proposito
537 2544 602 2610 est;
619 2536 788 2618 supposito
800 2535 886 2598 enim
895 2537 985 2618 quod
1000 2535 1091 2598 Deus
1106 2536 1184 2598 sciat

220 2641 340 2723 aliquid
364 2641 510 2705 futurum
533 2664 577 2704 ex
600 2642 868 2705 determinatione
891 2643 1078 2716 voluntatis,
1097 2643 1121 2705 si
1146 2642 1181 2704 il·

217 2749 274 2810 lud
297 2747 443 2811 futurum
468 2758 608 2831 ponatur
624 2769 690 2812 non
714 2769 783 2812 esse
805 2749 951 2831 sequitur
979 2750 1181 2831 impossibile

217 2876 261 2918 ex
285 2856 506 2937 suppositione
529 2855 624 2918 facta.
647 2891 692 2903 -
716 2855 838 2918 Eodem
863 2856 954 2918 modo
977 2856 1050 2918 dico
1074 2856 1123 2918 ad
1139 2877 1183 2918 se·

215 2963 373 3023 cnndnm:
398 2983 474 3024 cum
498 2963 623 3036 dicitur,
647 2962 727 3024 illud
750 2961 840 3044 quod
864 2983 929 3025 non
954 2972 1061 3044 potest
1082 2963 1184 3044 impe-

215 3068 276 3130 diri
299 3069 405 3131 evenit
429 3071 470 3131 de
494 3070 690 3141 necessitate,
714 3069 845 3131 concedo
869 3070 893 3131 si
918 3069 996 3131 illud
1027 3069 1180 3151 simplici-

214 3184 264 3236 ter
288 3195 352 3237 non
377 3185 484 3256 potest
507 3176 664 3258 impediri.
691 3177 735 3238 Et
758 3185 792 3238 tu
817 3176 913 3239 dicis:
938 3174 1176 3238 illudfuturnm

215 3282 402 3362 praescitum
427 3302 492 3344 non
516 3291 623 3363 potest
647 3281 804 3364 impediri,
818 3283 948 3345 concedo
961 3281 1046 3344 facta
1058 3303 1178 3364 suppo

215 3387 331 3450 sitione
354 3389 444 3470 quod
468 3390 664 3471 praesciatur,
689 3390 745 3452 sed
768 3389 909 3452 obsolute
932 3399 1039 3471 potest
1078 3390 1181 3471 impe-

216 3495 288 3556 diri.
