2684 4209
368 269 554 332 D1s1nvcr.
579 269 625 332 111
649 266 797 350 Qvasr.
820 269 837 332 1
1038 272 1079 351 85

139 471 276 537 includit
303 493 362 536 ens
390 473 615 555 quidditative‚
643 474 784 537 secunda
811 494 888 549 non,
914 483 951 537 ut
979 475 1105 538 dictum

138 590 187 644 est
209 601 309 662 supra
332 589 366 642 et
389 581 564 662 probatum
590 600 648 662 per
671 579 891 644 Avicennam.

205 684 281 774 [14]
305 687 364 750 Aa
385 687 484 750 aliud
496 686 613 749 dicitur
628 686 712 749 sicut
738 686 780 749 ad
807 687 967 750 rationem
988 687 1106 751 Linco

140 795 224 880 nien,
250 801 364 856 contra
382 793 644 856 univocationem
668 793 761 868 entis,
785 794 862 875 quia
884 794 999 856 eadem
1023 795 1106 858 diffi-

138 901 243 963 cultas
266 909 323 963 est.

205 1004 282 1093 [15]
305 1008 365 1070 Aa
393 1007 492 1070 aliud
519 1007 594 1069 dico
621 1007 712 1088 quod
740 1007 814 1070 licet
843 1008 934 1070 Deus
961 1016 994 1070 et
1021 1029 1106 1071 crea·

137 1123 212 1175 tura
235 1114 299 1176 sint
322 1114 428 1196 primo
452 1114 564 1195 seipsis
587 1113 714 1176 diversa
737 1113 769 1176 in
793 1114 1010 1187 realitatibus,
1038 1135 1104 1178 non

137 1216 250 1283 tamen
273 1230 349 1283 sunt
373 1221 480 1302 primo
504 1221 616 1302 seipsis
639 1221 765 1282 diversa
789 1220 820 1282 in
844 1230 1015 1302 conceptu,
1033 1241 1106 1303 pos-

137 1335 214 1389 sunt
242 1328 329 1389 enim
358 1328 466 1408 aliqua
495 1327 651 1410 distingui
681 1327 717 1389 in
744 1347 779 1389 re
812 1336 845 1389 et
872 1328 1044 1391 convenire
1072 1329 1103 1390 in
1144 1341 1157 1360 ⁰

135 1445 287 1515 conceptu
310 1435 540 1516 quidditativa.

206 1538 282 1627 [16]
306 1541 364 1603 Ad
384 1541 483 1604 aliud
503 1541 578 1603 dico
602 1541 692 1622 quod
716 1541 795 1603 illud
812 1550 1043 1623 argumentum
1060 1541 1105 1603 in·

137 1649 244 1710 tendit
272 1647 442 1710 ostendere
470 1657 530 1709 aut
557 1649 647 1729 quod
679 1626 770 1709 Deus
800 1656 834 1709 et
863 1657 1011 1710 creatura
1041 1648 1105 1710 sint

137 1754 199 1816 sub
223 1755 379 1816 extremis
395 1753 660 1816 contradictionis
668 1754 872 1835 formaliter,
892 1762 926 1815 et
941 1753 1019 1815 illud
1037 1773 1103 1815 non

136 1871 187 1923 est
210 1881 338 1933 verum,
363 1864 439 1942 quia
463 1871 610 1922 creatura
634 1880 701 1922 non
725 1870 774 1922 est
792 1861 926 1942 praecise
942 1881 1005 1922 non
1021 1881 1042 1922 a
1057 1882 1099 1933 se,

138 1988 198 2029 nec
224 1967 315 2029 Deus
338 1967 454 2029 dicitur
478 1967 613 2048 praecise
637 1966 699 2028 hoc
716 1968 807 2048 quod
823 1988 886 2029 aaa
902 1976 949 2029 est
963 1966 1003 2029 ab
1020 1968 1098 2039 alia,

137 2074 215 2155 quia
239 2073 395 2136 chimaera
417 2074 514 2135 etiam
539 2073 655 2136 dicitur
680 2094 745 2136 non
769 2074 810 2136 ab
833 2075 911 2149 alio;
935 2082 995 2136 aut
1010 2095 1104 2155 argu·

139 2190 289 2242 mentum
302 2180 419 2262 accipit
434 2189 582 2242 extrema
595 2179 860 2242 contradictionis
872 2181 1099 2253 materialiter,

136 2297 170 2348 et
194 2297 274 2349 tunc
298 2297 434 2369 negetur
457 2289 579 2370 major,
601 2306 677 2348 nam
702 2286 812 2350 omnia
835 2308 893 2368 per
908 2308 942 2349 se
957 2287 1102 2349 dividen·
1132 2293 1135 2299 '

105 2389 110 2396 ’
137 2395 183 2455 tia
206 2394 340 2475 aliquod
364 2415 541 2456 commune
564 2402 641 2455 sunt
664 2394 741 2455 talia
764 2394 854 2474 quod
882 2395 923 2455 de
954 2393 1031 2474 ipsis
1059 2394 1104 2455 di-

136 2509 257 2564 cuntur
281 2511 430 2562 extrema
453 2500 727 2575 contradictionis,
744 2509 777 2562 et
793 2510 903 2562 tamen
926 2500 1102 2562 univocan-

135 2619 190 2670 tur
215 2609 246 2669 in
271 2609 341 2689 ipso
365 2607 477 2670 diviso.

205 2711 281 2801 [17]
305 2715 364 2776 Ad
383 2714 537 2776 ultimum
562 2714 635 2776 dico
659 2715 749 2795 quod
773 2713 828 2776 ubi
851 2722 901 2776 est
924 2714 1030 2775 unitas
1057 2724 1103 2776 at-

136 2821 322 2884 tributionis
346 2823 377 2883 in
402 2843 444 2895 re,
470 2822 511 2919 ibi
537 2842 602 2883 non
625 2830 675 2883 est
698 2821 883 2883 univocatio
911 2821 1016 2895 realis;
1046 2823 1101 2883 sed

136 2929 192 2990 ubi
217 2939 266 2990 est
289 2928 458 3018 attributio
483 2949 570 3002 vera,
595 2928 637 2990 ibi
668 2937 775 3010 potest
803 2937 888 2990 stare
916 2928 1102 2989 univocatio

136 3034 293 3097 fabricata
317 3055 374 3116 per
398 3034 646 3097 indifferentiam
671 3035 761 3096 modi
784 3034 997 3117 concipiendi,
1019 3035 1102 3096 sicut

135 3151 185 3204 est
209 3143 241 3203 in
264 3161 296 3224 4.
321 3142 425 3204 Artic.

203 3357 265 3418 Ao
290 3369 435 3418 ennium
464 3369 685 3419 Pammenes
714 3356 787 3417 dico
815 3356 906 3437 quod
935 3355 1001 3436 ipse
1029 3355 1102 3417 alle-

135 3473 193 3546 gat
221 3463 322 3526 alium
351 3463 504 3525 dicendo:
538 3463 716 3544 aequivoce,
741 3463 855 3544 inquit,
884 3461 1099 3543 nuncupabit:

135 3570 216 3654 quis,
242 3569 348 3650 inquit
371 3569 578 3646 Aristoteles;
603 3571 660 3632 sed
684 3570 715 3631 in
736 3569 923 3643 Aristotele,
949 3567 1011 3630 hoc
1035 3587 1101 3629 non

134 3676 308 3752 invenitur,
338 3676 441 3738 immo
469 3677 546 3738 dicit
573 3677 762 3758 oppositum
794 3695 826 3758 4.
850 3675 998 3757 Metaplr.
1023 3675 1102 3737 ideo
