2684 4209
184 232 371 300 Drsrmcr.
397 233 542 296 XXXIII
565 243 599 297 et
622 233 771 297 XXXIV
798 234 946 316 QUAEST·
970 236 984 298 I
1031 252 1095 316 349

223 435 389 528 Tertium
412 435 473 506 hic
494 436 770 508 declarandum
786 449 835 503 est
851 441 942 523 quod
966 441 1038 504 talis
1055 441 1117 504 dis-

151 545 267 609 tinctio
290 567 358 609 non
380 545 458 609 facit
480 546 752 629 compositionem
777 547 809 609 in
834 547 917 622 Deo,
942 547 1032 630 quod
1044 567 1120 630 pro-

152 652 250 715 batur
272 653 331 715 sic:
356 653 467 735 AEque
488 653 629 735 simplex
641 663 690 716 est
701 662 771 716 tota
783 653 1013 717 Trinitassicot
1029 674 1127 736 quae-

154 759 233 822 libet
248 779 399 841 persona;
414 760 471 822 sed
495 780 561 822 non
574 761 724 824 obstante
747 760 800 823 illa
824 761 1029 843 simplicitate
1045 770 1121 824 sunt

55 897 67 912 ·
153 866 199 929 ibi
221 874 286 930 tres
309 887 376 944 res;
399 887 479 950 ergo
502 866 555 929 illa
578 867 743 930 distinctio
767 887 833 930 non
857 866 934 930 facit
957 868 1128 950 composi—

154 972 289 1038 tionem.

222 1080 395 1154 Praeterea,
420 1081 514 1142 Pater
526 1089 575 1143 est
586 1080 859 1162 simplicissimus;
884 1081 941 1143 sed
966 1080 999 1143 in
1027 1081 1129 1144 Patre

156 1196 232 1250 sunt
254 1187 330 1248 duae
353 1187 574 1269 proprietates,
588 1187 707 1276 scilicet
720 1187 886 1270 generatio
898 1187 1005 1250 activa
1013 1197 1046 1250 et
1058 1187 1121 1270 spi-

157 1293 239 1356 ratio
259 1293 376 1367 activa,
400 1303 432 1356 et
455 1294 526 1357 istae
543 1314 608 1356 non
625 1304 702 1358 sunt
717 1293 895 1358 formaliter
904 1295 1001 1368 idem,
1016 1303 1054 1357 ut
1066 1315 1123 1376 pa-

155 1400 219 1462 tuit
241 1421 340 1482 supra
355 1400 443 1463 Dist.
468 1418 520 1463 12.
532 1423 540 1478 ;
565 1421 645 1483 ergo
667 1401 740 1464 talis
762 1400 928 1463 distinctio
957 1421 1023 1463 non
1047 1399 1131 1463 lacit:

156 1507 439 1589 compositionem.

223 1614 396 1687 Proteum
421 1614 500 1677 dato
522 1614 613 1696 quod
636 1635 688 1676 res
710 1623 744 1676 et
767 1635 816 1678 res
831 1613 1122 1696 faciantcomposi-

155 1720 291 1795 tionem,
315 1731 426 1784 tamen
450 1741 500 1783 res
524 1712 592 1784 non
626 1719 703 1783 facit
734 1721 1008 1804 compositionem
1047 1741 1124 1783 cum

159 1828 260 1890 modo
283 1826 427 1902 formali3
451 1829 508 1890 sed
526 1828 706 1910 proprietas
729 1828 807 1890 dicit
830 1828 967 1890 modum
1004 1826 1131 1890 forma--

158 1935 234 2007 lem,
258 1933 396 1997 essentia
411 1943 521 1997 autem
539 1934 617 1998 dicit
633 1955 718 2009 rem;
731 1954 811 2017 ergo
821 1954 886 1997 non
899 1933 1023 1997 faciunt
1038 1954 1132 1996 com—

157 2041 365 2123 positionem.

232 2147 352 2211 Ultimo
375 2147 436 2210 sic:
462 2148 526 2211 Ista
549 2169 583 2210 se
606 2148 729 2210 habent
753 2169 809 2230 per
838 2147 986 2211 ordinem
1010 2147 1132 2210 distin-

155 2254 231 2335 ctio,
255 2255 341 2328 unio,
387 2255 569 2335 compositio
591 2264 625 2317 et
646 2254 807 2326 resolutio,
836 2254 880 2318 ita
902 2255 993 2337 quod
1017 2253 1127 2316 distin-

156 2361 225 2424 ctio
248 2369 297 2423 est
320 2361 407 2442 prior
430 2361 558 2435 unione,
584 2361 661 2423 unio
684 2371 733 2423 est
757 2361 843 2442 prior
878 2360 1131 2443 compositione,.

157 2467 355 2549 compositio
378 2475 427 2529 est
450 2468 537 2549 prior
561 2467 774 2548 resolutione;
790 2468 847 2530 sed
860 2468 948 2550 prius
962 2476 1070 2550 potest
1082 2487 1128 2529 es-

158 2595 195 2636 se
218 2574 286 2636 sine
310 2575 495 2656 posteriori;
519 2595 599 2657 ergo
623 2583 731 2657 potest
759 2595 828 2637 esse
859 2575 1022 2636 distinctio
1060 2573 1134 2636 sine

98 2698 103 2704 ·
158 2680 406 2763 compositione.

229 2894 294 2960 Be
316 2897 477 2978 quarto
500 2894 712 2961 Artrbulo.
737 2894 795 2956 Ad
809 2895 969 2976 primum,
995 2893 1135 2975 quando

163 3001 322 3083 probatur
345 3001 436 3083 quod
460 3002 640 3083 proprietas
662 3011 695 3064 et
730 3001 841 3064 relatio
880 3001 1127 3083 distinguuntur

161 3106 290 3169 realiter
313 3107 355 3169 ab
370 3107 517 3182 essentia,
534 3108 611 3190 quia
633 3108 720 3170 idem
745 3117 852 3190 potest
875 3127 944 3170 esse
980 3105 1132 3187 multipli-

164 3223 277 3275 catum
301 3223 334 3276 et
357 3234 422 3276 non
447 3214 709 3296 multiplicatum,
725 3215 796 3277 dico
819 3213 909 3296 quod
937 3233 1051 3276 verum
1083 3221 1131 3274 est

160 3319 297 3401 quando
320 3319 373 3382 illa
396 3330 471 3383 sunt
494 3321 635 3384 totaliter
659 3321 774 3383 eadem
782 3342 789 3396 ;
814 3321 995 3404 proprietas
1019 3328 1129 3381 autem

160 3434 196 3488 et
218 3426 355 3490 essentia
378 3446 445 3489 non
468 3437 544 3491 sont
566 3429 682 3490 eadem
706 3427 856 3510 quamvis
880 3427 943 3490 sint
959 3426 1046 3488 idem
1063 3445 1127 3487 rea-

162 3533 245 3606 liter,
270 3534 343 3596 ideo
367 3543 475 3616 potest
499 3556 601 3597 unum
626 3535 831 3616 multiplicari
854 3535 920 3597 alio
944 3555 1010 3596 non
1025 3531 1131 3594 multi-

162 3639 294 3723 plicat0,
318 3641 401 3703 sicut
424 3641 563 3704 dicimus
586 3643 618 3704 in
642 3641 761 3717 anima,
786 3642 818 3706 in
834 3663 900 3724 qua
914 3639 1137 3722 multiplican-
