2684 4209
431 852 752 962 Distinotio
791 859 946 962 XXI.

466 1103 544 1183 Ηίο
572 1105 705 1181 oritur
735 1103 935 1200 Quaeotio

312 1225 408 1293 Circa
432 1229 530 1292 istam
554 1230 805 1294 Distinctionem
829 1249 881 1294 21.
910 1230 1084 1313 quaeritnr:

578 1389 755 1471 QuAEsr10
781 1391 806 1454 1.

246 1563 354 1619 Utrum
371 1564 424 1619 illu
441 1566 596 1634 propositio
606 1565 645 1623 ult
662 1581 746 1622 voror
766 1565 850 1622 Solus
868 1566 958 1623 Potor
974 1568 1018 1622 out
1036 1565 1123 1622 oeus.

272 1707 318 1771 Et
341 1708 468 1772 videtur
491 1711 581 1792 quod
597 1711 652 1786 sic,
669 1711 747 1793 quia
762 1711 850 1774 solus
867 1711 957 1774 Deus
974 1710 1030 1793 qui
1046 1718 1095 1773 est
1111 1710 1170 1773 Pa·

143 1903 151 1920 ·
206 1823 255 1878 ter
277 1824 327 1878 est
342 1815 449 1893 Deus;
462 1835 541 1904 ergo
564 1819 652 1881 solus
668 1819 763 1881 Pater
785 1827 835 1882 est
853 1817 954 1881 Deus,
970 1817 1169 1880 Antecedens

206 1922 362 2002 probatur
384 1923 446 1985 sic:
472 1922 568 1987 Solus
592 1923 683 1986 Deus
706 1925 762 2005 qui
786 1932 835 1987 est
855 1925 949 1987 Pater
979 1933 1028 1987 est
1051 1923 1165 1997 deitas;

205 2029 263 2091 sed
286 2029 388 2092 deitas
410 2038 459 2092 est
483 2030 587 2110 Deus;
603 2051 684 2113 ergo
707 2030 794 2094 solus
811 2030 912 2105 Deus,
934 2030 990 2113 qui
1013 2040 1062 2093 est
1079 2031 1169 2092 Deus

205 2135 308 2221 Pater,
332 2145 381 2198 est
403 2137 504 2201 Deus.
522 2134 753 2220 Consequentia
777 2137 943 2220 probatur,
968 2137 1045 2220 quia
1065 2135 1167 2218 sequi-

205 2250 272 2304 tur:
296 2242 402 2305 solum
426 2243 545 2306 animal
569 2244 659 2325 quod
681 2254 731 2306 est
754 2243 856 2306 homo
886 2243 995 2319 currit,
1019 2264 1099 2326 ergo
1121 2263 1168 2305 so
1263 2267 1266 2274 ’

207 2349 257 2411 lus
279 2349 381 2412 homo
403 2350 519 2426 currit3
543 2371 623 2433 ergo
646 2350 790 2414 similiter
812 2359 901 2413 tenet
925 2349 985 2413 hic.

278 2453 397 2520 Contra
420 2465 469 2519 est
491 2455 701 2540 Augustinus
724 2455 755 2519 6.
779 2457 818 2520 de
847 2456 1018 2521 Trinitate.

274 2563 315 2626 IN
339 2576 421 2626 ISTA
452 2576 673 2639 QUAESTIONE
704 2573 781 2627 sunt
810 2563 871 2627 tria
901 2564 1050 2627 videnda.
1083 2563 1165 2626 Nam

206 2669 284 2751 quia
308 2669 360 2731 hic
391 2670 522 2751 ponitur
554 2690 637 2749 unup
667 2671 825 2734 terminus
858 2670 1019 2746 relativus,
1052 2669 1168 2734 scilicet

208 2776 312 2850 Pater,
336 2775 409 2839 ideo
432 2785 562 2858 oportet
572 2778 683 2858 primo
697 2777 806 2840 videre
829 2777 854 2840 si
874 2797 978 2840 unum
999 2777 1167 2839 relativum

207 2891 256 2945 est
278 2884 320 2945 de
343 2883 497 2965 primario
512 2892 674 2965 conceptu
690 2883 829 2946 alterius
848 2882 1004 2956 Secundo,
1025 2883 1103 2966 quia
1119 2881 1167 2946 hic

208 2990 339 3070 ponitur
362 2989 460 3053 dictio
483 2989 649 3053 exclusiva
671 2989 792 3053 scilicet
813 2990 910 3064 solut,
938 2990 1012 3052 ideo
1042 2998 1169 3072 oportet

207 3095 315 3159 videre
338 3095 363 3158 si
387 3097 485 3158 dictio
508 3096 620 3159 addita
643 3095 698 3157 uni
726 3096 860 3160 relativo
893 3096 1048 3160 excludat
1071 3095 1166 3158 aliud.

213 3203 317 3266 Tertio
339 3212 469 3286 oportet
491 3203 601 3266 videre
624 3204 664 3266 de
688 3203 856 3286 principali
880 3203 1028 3285 quaesit0.

276 3419 340 3484 Be
355 3416 510 3502 primo
532 3415 733 3482 Am’onlo
748 3426 797 3480 est
821 3417 931 3498 opinio
954 3415 1079 3499 AEgidii
1099 3416 1169 3480 Lib.

209 3545 240 3589 Ι.
263 3525 339 3589 dist.
365 3543 416 3588 21.
441 3525 496 3607 qui
520 3524 606 3587 dicit.
620 3525 710 3606 quod
730 3543 833 3586 unum
850 3524 1020 3587 relativum
1034 3543 1101 3586 non
1124 3533 1170 3586 est

209 3634 250 3695 de
262 3644 422 3716 conceptu
435 3632 588 3716 primario
600 3631 739 3706 alteriuS,
756 3631 813 3694 sed
825 3631 866 3694 de
874 3630 1073 3706 secundario
1083 3631 1171 3713 quod

212 3739 329 3822 probat
351 3739 413 3802 sic:
