2684 4209
376 246 562 310 Drsrmcr.
587 247 684 310 XXII
710 246 855 329 QuAEsr.
881 249 896 312 Ι
1046 265 1108 331 273

166 461 364 534 conceptum
380 452 507 535 signati,
530 454 587 515 sed
603 463 732 515 tantum
756 454 816 516 scit
831 445 921 538 quod
941 464 989 518 est
1007 477 1128 519 nomen

167 559 428 644 significativum,
441 559 523 623 sicut
546 559 661 642 aliquis
678 561 814 623 Latinus
838 562 959 624 diceret
983 562 1127 625 Hebraeo

166 668 256 749 quod
272 667 455 729 nullatenus
471 667 672 750 intelligeret.
697 668 800 730 Tertio
824 669 923 730 utitur
939 669 1054 750 aliquis
1072 691 1130 732 no·

167 775 255 836 mine
277 795 337 855 pro
353 775 457 856 signo,
471 773 622 836 habendo
637 783 834 855 conceptum
856 775 973 857 signati
996 786 1127 838 tantum

168 882 200 943 in
225 881 404 944 universali.
433 879 557 956 Quarto
585 882 685 943 utitur
708 881 822 962 aliquis
854 882 986 944 nomine
1009 904 1069 964 pro
1092 884 1131 945 si-

167 1009 235 1070 gno
265 989 453 1070 expressivo
483 997 662 1070 conceptus
693 988 843 1051 distincte
866 999 899 1051 et
930 989 961 1050 in
986 990 1130 1072 particu-

169 1096 235 1158 lari.

235 1203 293 1264 Ad
309 1202 506 1283 propositum
531 1202 607 1264 dicit
641 1203 731 1284 quod
767 1202 871 1265 tribus
891 1203 1011 1283 primis
1028 1203 1132 1266 modis

169 1310 260 1372 Deus
282 1309 323 1371 sit
351 1308 555 1371 nominabilis
578 1329 598 1370 a
621 1309 728 1385 nobis;
753 1318 868 1390 quarto
899 1318 1009 1372 autem
1032 1310 1132 1371 modo

169 1437 245 1479 non.
270 1416 315 1477 Et
338 1415 428 1497 quod
451 1415 553 1477 tribus
577 1415 690 1496 primis
706 1416 811 1477 modis
835 1416 926 1478 Deus
942 1415 982 1478 sit
1003 1416 1132 1478 anobis

170 1522 385 1595 nominabilis»,
410 1521 527 1603 probat
550 1522 609 1584 sic:
636 1521 669 1585 Si
694 1521 785 1583 Deus
816 1542 882 1584 non
920 1530 1004 1584 esset
1031 1521 1133 1584 nomi-

170 1630 284 1692 nabilis
307 1651 327 1691 a
350 1628 453 1701 nobis,
479 1629 541 1690 hoc
564 1638 647 1690 esset
671 1648 731 1710 pro
754 1637 847 1690 tanto
870 1629 960 1710 quod
984 1649 1049 1693 non
1079 1629 1131 1690 ha-

169 1737 299 1799 beretur
322 1745 500 1817 conceptus
523 1735 694 1797 distinctus
717 1735 759 1796 de
782 1735 869 1810 Deo;
894 1736 951 1797 sed
967 1735 1045 1797 illud
1067 1756 1133 1800 non

172 1842 308 1925 impedit
331 1843 410 1924 quin
434 1842 525 1904 Deus
547 1842 588 1904 sit
612 1842 860 1903 nominabilisa
892 1842 1002 1918 nobis;
1041 1863 1130 1924 ergo

169 1949 324 2012 Probatio
353 1949 510 2011 minoris:
546 1948 668 2029 aliquid
700 1956 809 2030 potest
848 1948 1017 2022 nominari,
1053 1958 1133 2031 puta

169 2057 350 2118 substantia
372 2077 447 2137 quae
471 2065 580 2118 tamen
605 2055 756 2117 distincte
791 2075 856 2117 non
896 2056 1075 2137 concipitur
1113 2077 1132 2118 a

169 2164 264 2226 nobis
292 2183 351 2244 pro
374 2170 459 2223 statu
484 2162 554 2235 isto,
568 2162 661 2242 cujus
686 2162 767 2224 ratio
791 2171 853 2224 est:
879 2162 955 2243 quia
978 2183 1076 2224 omne
1100 2163 1133 2225 il·

172 2270 228 2331 lud
252 2270 345 2350 cujus
368 2269 541 2351 praesentia
563 2279 611 2330 est
636 2269 822 2331 naturaliter
846 2269 1082 2350 cognoscibilis,
1103 2291 1133 2331 e-

165 2378 220 2458 jus
242 2377 339 2438 etiam
363 2375 508 2438 absentia
531 2385 578 2437 est
603 2376 789 2438 naturaliter
813 2376 1058 2457 cognoscibilis3
1083 2397 1131 2439 er-

169 2505 215 2565 go
238 2484 416 2545 substantia
439 2492 487 2544 est
512 2483 697 2544 naturaliter
721 2482 947 2564 cognoscibilis
970 2505 1030 2565 pro
1046 2492 1131 2546 statu

169 2591 246 2664 isto;
271 2590 415 2670 sequitur
439 2591 529 2671 quod
552 2611 595 2651 ex
619 2589 707 2671 puris
732 2588 931 2651 naturalibus
963 2610 1132 2671 possemus

169 2716 367 2778 cognoscere
390 2697 604 2758 substantiam
639 2697 732 2778 panis
756 2696 787 2757 in
826 2716 962 2778 corpore
1000 2695 1128 2770 Christi,

168 2804 259 2885 quod
283 2811 332 2865 est
355 2802 481 2868 falsum.

237 3017 298 3079 Au
323 3031 467 3079 ramuli
499 3030 726 3090 rainelmus,
752 3037 827 3079 cum
867 3015 1001 3078 dicitur:
1040 3017 1130 3097 quod

169 3134 219 3187 est
242 3123 402 3187 ineffabile
425 3133 472 3185 est
497 3123 737 3195 innominabile,
767 3124 898 3186 concedo
936 3123 977 3184 de
1014 3133 1131 3204 quarto

170 3233 262 3294 modo
285 3232 529 3304 nominationis,
557 3231 647 3311 quod
674 3231 763 3292 Deus
780 3251 844 3292 non
869 3240 917 3292 est
952 3229 1131 3292 nominabi-

171 3338 208 3399 lis
231 3359 250 3399 a
274 3337 367 3400 nobis
391 3339 587 3411 naturaliter,
613 3345 649 3398 ut
672 3337 870 3399 dictumest.

237 3446 297 3506 Ad
315 3446 490 3508 secundum
507 3454 597 3527 patet
612 3464 710 3524 supra
727 3443 813 3505 Dr'st.
827 3462 860 3522 3.
878 3443 1047 3525 quomodo
1069 3442 1133 3504 De-

170 3575 210 3616 us
231 3561 281 3615 est
303 3574 323 3614 a
346 3553 439 3614 nobis
462 3551 688 3633 cognoscibilis
711 3560 742 3612 et
766 3551 934 3632 quomodo
959 3571 1034 3622 non,
1056 3549 1131 3630 quia

170 3661 214 3722 ibi
238 3661 437 3722 declaratum
461 3669 509 3721 est
525 3660 614 3740 quod
631 3679 691 3740 pro
707 3666 791 3720 statu
809 3658 870 3720 isto
887 3677 1060 3738 possumus
1081 3677 1132 3718 co·
1186 3677 1193 3696 ·

1027 3787 1053 3828 18
