2684 4209
230 176 272 239 62
473 177 546 239 Lm.
571 178 585 239 Ι
610 177 905 241 Sauraurmnvu

274 382 332 444 Ad
343 383 517 445 secundam
534 383 692 445 rationem
710 384 783 445 dico
806 404 863 464 per
883 384 1167 466 interemptionem

209 490 357 571 masmim
383 490 557 552 nonenim
582 490 740 571 sequitur:
770 490 882 552 estad
912 490 980 553 alio
1010 511 1089 574 ergo
1119 493 1169 554 de-

108 576 112 583 *
196 596 328 677 pendet.
354 596 496 657 Etcum
514 596 676 676 probatur
696 616 754 677 per
778 596 1072 677 independeutiam,
1099 620 1168 676 con·

206 703 279 765 cedo
302 703 391 783 quod
414 722 509 783 aeque
532 702 786 784 independenter
816 712 864 764 est
898 712 1014 765 natura
1037 704 1069 765 in
1092 725 1167 785 pro-

207 809 346 871 ducente
369 818 401 870 et
425 809 457 871 in
481 810 652 889 producto
678 810 823 871 Etcum
846 810 1017 892 arguitur:
1041 831 1107 872 non
1138 831 1168 873 e-

207 916 246 977 rit
269 914 528 996 independentia,
553 937 633 998 nego
655 917 923 997 consequentiam,
948 916 1025 999 quia
1047 916 1167 999 depen-

206 1022 315 1085 dentia
338 1023 481 1103 sequitur
504 1023 674 1084 entitatem
699 1022 870 1085 formalem
896 1022 1119 1105 dependentis,
1135 1034 1168 1087 et

206 1128 282 1209 quia
305 1128 336 1191 in
353 1128 468 1191 divinis
483 1140 531 1191 est
546 1130 661 1191 eadem
678 1130 795 1191 entitas
810 1129 971 1203 absoluta,
989 1129 1064 1191 ideo
1081 1130 1168 1193 nulia

202 1243 255 1297 est
277 1234 320 1297 ibi
344 1236 570 1316 dependentia.

273 1447 337 1514 De
360 1446 561 1514 Secundo
584 1448 783 1515 Arte'eulo
817 1449 892 1511 dico
923 1451 1004 1511 duas
1027 1448 1168 1514 Conclu-

201 1555 325 1617 siones:
349 1555 478 1630 Prima,
507 1556 596 1637 quod
620 1556 652 1617 in
677 1556 794 1618 divinis
825 1566 902 1618 sunt
931 1557 1006 1618 duae
1030 1557 1170 1638 produc·

207 1662 311 1724 tiones
333 1661 376 1723 ad
399 1663 492 1724 intra.
518 1662 678 1735 Secunda,
703 1664 795 1744 quod
824 1664 894 1725 istae
925 1664 1000 1725 duae
1031 1663 1170 1745 produc-

200 1768 309 1831 tiones
333 1789 399 1831 non
423 1777 498 1830 sunt
521 1769 668 1850 ejusdem
698 1770 838 1831 rationis.

272 1871 456 1941 Primam
474 1871 834 1943 Commentattbnem
847 1877 1058 1957 probaturus
1071 1876 1169 1938 Doct.

209 1980 367 2043 Henricus
395 1980 511 2057 Quodl.
535 1982 565 2045 6.
590 2004 621 2063 q.
646 2000 677 2044 1.
704 1982 813 2045 Actus
837 1983 1014 2045 actionales
1036 1981 1172 2044 fundan-

207 2094 260 2149 tur
290 2108 387 2169 super
424 2090 608 2151 essentiales
648 2089 878 2163 immanentes;
906 2090 963 2151 sed
998 2098 1092 2151 actus
1124 2108 1173 2151 es-

200 2194 351 2257 sentiales
374 2195 589 2258 immanentes
613 2204 689 2258 sunt
709 2205 836 2258 tantum
862 2197 939 2270 duo,
971 2196 1091 2259 scilicet
1122 2196 1172 2259 in·

204 2301 350 2385 telltgere
376 2312 409 2365 ct
433 2303 531 2375 mlle,-
555 2322 635 2385 ergo
658 2312 735 2364 sunt
750 2312 879 2365 tantum
903 2303 971 2365 duo
1002 2311 1094 2365 actus
1118 2323 1176 2366 no·

200 2408 349 2483 tionales,
374 2408 442 2471 sive
464 2410 539 2471 duae
564 2408 805 2490 productiones,
822 2409 942 2471 scilicet
960 2430 1121 2491 generare
1140 2420 1173 2473 et

211 2515 346 2596 spirare.

272 2617 405 2689 Scotus
424 2618 563 2707 probat
581 2640 669 2689 eam
693 2623 753 2685 sic:
780 2623 845 2686 Ubi
878 2632 954 2684 sunt
984 2624 1052 2685 duo
1083 2623 1172 2705 prin·

210 2729 293 2809 cipia
316 2730 507 2810 productiva
531 2730 578 2791 ad
599 2730 692 2792 iutra
717 2729 869 2792 habentia
892 2730 1122 2810 productiones
1137 2750 1171 2791 a·

211 2836 388 2917 daequatas,
412 2857 487 2917 quae
512 2856 639 2917 semper
665 2846 807 2909 manent,
832 2836 874 2898 ibi
899 2846 975 2897 sunt
999 2837 1074 2898 duae
1098 2858 1173 2918 pro-

210 2942 379 3005 ductiones
402 2952 546 3017 tantunr;
571 2944 627 3004 sed
652 2943 685 3005 in
702 2943 818 3005 divinis
834 2952 910 3004 sunt
926 2943 993 3004 duo
1016 2943 1173 3024 principia

212 3049 403 3130 productiva
433 3050 474 3111 ad
506 3050 598 3122 intra,
633 3050 785 3111 habentia
818 3049 1048 3129 productiones
1083 3050 1174 3111 adce-

209 3164 333 3237 quartas,
358 3176 432 3236 qum
466 3176 592 3237 semper
629 3166 775 3225 inanent3
812 3177 891 3236 ergo
926 3165 1001 3217 sunt
1035 3165 1164 3217 tantum

203 3262 281 3322 duae
299 3263 535 3342 productiones.
554 3263 673 3324 Prima
683 3274 765 3343 pars
783 3262 919 3323 nu'uort's
936 3263 1092 3342 probatur
1108 3262 1166 3324 sic:

207 3368 373 3429 Pluralitas
396 3369 627 3450 principiorum
652 3370 833 3430 activorum
847 3369 878 3429 in
891 3369 1007 3430 divinis
1024 3390 1090 3430 non
1108 3390 1165 3449 po-

208 3483 269 3534 test
294 3476 399 3535 reduci
424 3477 466 3536 ad
491 3476 647 3537 unitatem
673 3486 805 3557 propter
822 3476 1011 3557 oppositum
1029 3477 1171 3537 modum

207 3580 428 3661 principiandi,
453 3583 528 3663 quia
553 3603 656 3643 unum
682 3583 852 3645 inclinatur
876 3583 980 3657 libem,
998 3583 1088 3645 aliud
1115 3602 1174 3644 na·

202 3687 371 3764 ruralium
397 3710 461 3751 non
486 3689 582 3751 etiam
608 3710 710 3751 unum
736 3698 842 3770 potest
874 3690 983 3752 reduci
1014 3691 1056 3752 ad
1087 3690 1173 3751 alte.
