2684 4209
340 171 527 236 Drsrnicr.
550 172 681 236 XXVII
706 171 851 255 Qunsr.
876 173 891 236 Ι
1041 187 1102 254 305

163 378 268 441 estin
291 399 332 441 eo
360 377 538 441 formaliter
568 379 682 442 notitia
713 379 832 462 genita.
863 415 908 428 -
930 381 1124 443 Notandum

163 495 274 549 autem
298 486 389 568 quod
411 486 549 549 verbum
572 495 621 548 est
641 487 776 569 duplex,
800 486 920 550 scilicet
943 485 1123 570 perlectum

164 601 201 655 et
223 591 460 674 imperfectum.
492 593 721 674 Imperfectum
753 593 887 675 quidem
919 593 1051 675 requirit
1074 614 1127 657 ac-

161 699 285 762 tualem
302 700 449 762 ordinem
472 699 696 781 inquisitionis,
720 700 906 781 Perfectum
930 709 1041 762 autem
1058 721 1125 763 ver·

95 859 104 868 .
162 806 245 868 bum
276 826 360 881 n0n;
392 808 449 869 sed
480 807 527 869 sic
557 807 675 869 sufficit
707 805 878 869 habitualis
909 806 1053 889 cognitio
1075 806 1127 870 vel

163 913 279 975 notitia
301 913 372 994 ejus
395 934 471 995 quae
494 921 543 975 est
566 913 714 975 verbum.

231 1126 292 1189 An
316 1139 460 1190 Parnon
476 1139 703 1201 camenam,
723 1127 749 1189 si
765 1135 914 1189 teneatur
929 1137 1049 1208 quarta
1060 1127 1127 1208 opi-

163 1234 219 1296 nio
235 1234 341 1314 posita
356 1233 389 1296 in
413 1252 443 1296 1.
460 1234 534 1295 Art.
551 1243 642 1315 patet
664 1234 755 1315 quod
770 1233 907 1296 verbum
931 1242 980 1296 est
996 1233 1128 1316 signum

163 1350 344 1423 conceptus
367 1350 404 1403 ut
426 1361 446 1402 a
468 1361 535 1422 quo
569 1349 711 1414 emanat,
735 1349 769 1402 et
790 1348 839 1402 est
862 1340 993 1422 signum
1018 1340 1062 1403 rei
1085 1339 1128 1403 ad

161 1468 265 1530 quam
289 1448 421 1531 ponitur
443 1447 704 1530 significandum.

230 1554 290 1618 Ad
307 1555 483 1618 secundum
506 1563 610 1636 patet:
634 1575 711 1616 cum
735 1553 852 1616 dicitur
874 1553 965 1635 quod
988 1551 1131 1635 phanta-'

161 1682 235 1724 sma
266 1661 473 1744 Carthaginis
506 1670 555 1723 est
577 1660 716 1723 verbum
750 1659 829 1740 ejus,
854 1659 928 1722 dico
959 1660 1049 1742 quod
1072 1679 1128 1722 ve-
1191 1662 1197 1672 '

161 1789 237 1831 rum
259 1778 309 1831 est
330 1768 473 1849 effective
495 1769 634 1830 sednon
648 1767 867 1848 formaliter,-
892 1787 968 1828 nam
985 1766 1123 1829 verbum

161 1875 352 1958 producitur
375 1896 395 1938 a
419 1875 586 1949 memoria,
609 1884 642 1937 et
659 1874 816 1936 memoria
832 1893 898 1936 non
922 1872 1057 1936 includit
1073 1873 1121 1935 in-

160 1982 328 2046 tellectum
351 1982 409 2044 sed
432 1981 609 2063 objectum,
633 1982 685 2044 vel
700 1979 822 2062 ’aliquid
845 1980 1001 2062 supplens
1017 1979 1123 2042 vicem

159 2089 298 2172 objecti;
323 2090 410 2152 unde
439 2088 636 2171 phantasma
659 2087 866 2170 Carthaginis
896 2086 979 2150 idest
1001 2087 1128 2168 species

157 2196 232 2278 ejus
254 2206 302 2259 est
325 2197 462 2259 verbum
489 2196 569 2278 ejuS,
593 2195 670 2277 quia
700 2193 845 2256 effective
875 2193 925 2257 vel
957 2194 1123 2256 causative

160 2323 196 2366 se
219 2302 318 2366 habet
341 2303 383 2365 ad
413 2303 561 2380 verbum,
592 2301 669 2384 quia
692 2301 822 2384 supplet
855 2300 960 2364 vicem
985 2299 1103 2381 objecti
1114 2319 1123 2378 ;

158 2431 264 2494 quare
286 2419 347 2473 etc.

528 2621 706 2703 Qunsrro
730 2621 770 2684 11.

481 2782 627 2846 Secundo
649 2781 829 2864 quaritur:

215 2941 323 2997 ntmn
340 2941 468 2997 vuum
487 2931 614 2996 uuum
631 2939 671 2994 su
695 2939 843 3008 proprium
868 2951 993 3007 persona
1010 2916 1127 3004 unm.

165 3030 218 3087 Vel
230 3046 286 3100 per
312 3029 373 3085 ulia
391 3032 493 3086 verbm
522 3031 630 3086 Utinm
648 3029 776 3085 Verbum
802 3027 931 3082 dlvlnnm
956 3026 1034 3082 dleat
1057 3026 1127 3095 quld

156 3119 311 3177 essentlalo
329 3119 373 3176 rel
391 3118 547 3189 personale.
564 3177 569 3185 ,

228 3265 274 3328 Et
302 3265 429 3328 videtur
464 3265 555 3347 quod
587 3264 674 3326 dicat
707 3262 885 3336 essentiale,
916 3260 993 3344 quia
1016 3280 1128 3324 secun-

159 3375 244 3436 dum
267 3372 495 3455 Augustinum
518 3389 550 3452 9.
574 3371 614 3434 dc
642 3369 733 3434 Trin.
758 3369 907 3433 Verbum
928 3377 977 3432 est
1000 3388 1075 3431 cum
1092 3385 1124 3432 a·

160 3500 254 3543 more
275 3479 408 3557 notitia;
440 3479 497 3542 sed
527 3478 638 3542 omnia
661 3478 768 3560 posita
791 3478 824 3540 in
854 3477 915 3539 ista
938 3473 1126 3538 definitione

1014 3605 1043 3648 ao
