2684 4209
361 213 550 274 D1srmcr.
575 211 705 274 XXXII
730 209 880 292 Quasr.
905 213 919 274 1
1055 228 1118 294 337

116 493 121 500 Ι
172 416 343 489 actualem,
367 438 443 499 quae
467 416 580 480 notitia
604 416 704 479 habet
715 417 878 499 duplicem
892 417 1080 481 relationem
1092 419 1137 481 ad

173 523 375 598 memoriam,
400 544 500 586 unam
524 523 676 606 producti
699 524 742 586 ad
766 524 958 606 producens,
975 525 1072 587 aliam
1081 525 1135 588 de-

169 629 321 693 clarantis
343 631 385 692 ad
409 631 610 693 declaratum
635 651 696 712 pro
718 651 758 692 eo
770 630 1022 712 quod'declarat
1045 633 1133 713 obje-

171 745 262 799 ctum
286 738 389 800 latens
411 737 444 800 in
469 737 635 810 memoria,
660 737 705 799 ita
728 737 876 800 Verbum
908 738 1055 802 divinum
1079 760 1136 802 ex-

172 864 319 925 pressum
342 865 362 906 a
385 845 479 907 Patre
517 843 616 907 habet
639 863 740 908 unam
776 843 964 907 relationem
999 845 1132 929 originis

171 951 213 1013 ad
237 951 377 1024 Patrem,
414 951 490 1032 quia
525 959 698 1034 generatur
733 951 775 1013 ab
810 950 877 1028 illo;
913 961 946 1014 et
980 952 1079 1015 habet
1107 973 1139 1014 a·

171 1057 247 1119 liam
271 1057 460 1120 relationem
484 1057 723 1132 declarativam,
753 1057 830 1140 quia
853 1057 994 1120 declarat
1013 1079 1090 1121 eum
1118 1081 1138 1122 a

169 1184 237 1245 quo
252 1173 310 1238 est,
334 1173 368 1226 et
389 1184 423 1226 se
444 1172 476 1226 et
491 1173 667 1227 creaturan
683 1163 731 1227 Ut
746 1172 856 1227 autem
869 1152 1011 1227 declarat
1020 1185 1054 1228 se
1069 1186 1136 1229 non

169 1270 247 1333 dicit
271 1271 459 1333 relationem
483 1270 612 1346 realem,
636 1271 714 1353 quia
736 1270 882 1352 ejusdem
914 1270 956 1332 ad
994 1291 1028 1334 se
1064 1293 1130 1336 non

167 1387 218 1440 est
233 1377 397 1440 distinctio
409 1377 509 1452 realis,
522 1399 598 1459 quae
615 1377 771 1459 reperitur
791 1376 823 1439 in
836 1377 1044 1440 relationibus
1066 1399 1136 1441 rea·

169 1484 261 1546 libus.
286 1485 397 1548 Etiam
421 1494 458 1548 ut
480 1485 623 1548 declarat
655 1494 823 1546 creaturas
857 1505 922 1546 non
945 1484 1025 1548 dicit
1053 1485 1133 1548 rela-

168 1589 291 1653 tionem
317 1591 445 1665 realem,
469 1591 546 1674 quia
570 1591 631 1654 Dei
655 1591 698 1652 ad
722 1579 904 1653 creaturam
929 1611 993 1653 non
1017 1600 1066 1654 est
1088 1612 1135 1654 re-

167 1697 245 1760 latio
268 1699 370 1772 realiS,
395 1707 432 1760 ut
456 1698 561 1781 patuit
583 1718 683 1780 supra
705 1697 793 1762 Dist.
814 1715 848 1777 5.

235 1803 381 1867 Secundo
404 1805 586 1867 notandum
610 1803 700 1887 quod
723 1804 806 1867 sicut
822 1803 936 1867 notitia
951 1804 1061 1886 genita
1077 1803 1135 1886 de3

166 1911 269 1974 clarat
290 1911 456 1993 objectum
480 1909 582 1974 latens
605 1910 638 1973 in
652 1911 818 1984 memoria,
832 1911 876 1972 sic
892 1920 925 1972 et
947 1911 1134 1993 producens
1222 1985 1230 2002 ·

165 2017 315 2080 notitiam
339 2018 484 2100 genitam
508 2018 606 2080 etiam
619 2017 770 2092 declarat,
787 2017 878 2079 aliter
890 2026 1000 2079 tamen
1023 2025 1056 2080 et
1073 2017 1133 2080 ali-

165 2134 225 2200 ter,
248 2126 324 2207 quia
347 2125 463 2187 notitia
478 2125 587 2208 genitu
611 2124 792 2187 declaratur
808 2123 993 2198 formaliter,
1011 2125 1131 2206 produ·
1208 2113 1218 2134 ⁹

165 2252 242 2294 cens
265 2241 375 2294 autem
401 2232 550 2294 notitiam
563 2232 706 2294 declarat
721 2231 812 2312 quasi
836 2230 990 2293 effective.
1009 2231 1134 2293 Errem-¹

158 2339 256 2420 plum
280 2338 378 2419 hujus
400 2347 449 2401 est
471 2339 504 2400 in
517 2339 659 2421 speculo,
684 2357 760 2400 nam
774 2337 941 2420 speculum
955 2333 1129 2420 reprae'sen-

165 2455 216 2508 tat
238 2445 486 2528 imaginationes
509 2445 696 2519 formaliter,
721 2445 904 2526 producens
927 2453 1036 2506 autem
1054 2466 1126 2528 spe-

164 2552 277 2614 culum
301 2551 418 2615 dicitur
441 2562 672 2634 repraesentare
695 2551 786 2634 quasi
802 2549 956 2613 effective.

237 2659 342 2722 Tertio
365 2659 546 2721 notandum
571 2659 661 2741 quod
684 2659 717 2721 in
733 2658 850 2721 divinis
861 2658 969 2739 aliqua
981 2666 1057 2720 sunt
1073 2679 1130 2741 pu·

163 2786 199 2828 re
221 2766 410 2841 essentialia,
434 2767 517 2829 sicut
541 2765 698 2848 sapientia
721 2775 754 2828 et
768 2764 897 2840 similia;
922 2764 1029 2846 aliqua
1041 2774 1119 2828 sunt

163 2893 246 2955 pure
269 2873 454 2947 notionalia,
479 2882 516 2936 ut
540 2873 706 2955 genitum;
730 2871 838 2954 aliqua
851 2871 956 2933 mixta
966 2891 1010 2934 ex
1025 2891 1130 2934 essen-

161 2979 230 3043 tiali
253 2989 286 3042 et
310 2981 476 3056 notionali,
494 2990 531 3042 ut
553 3000 629 3042 cum
653 2979 771 3042 dicitur
794 2977 949 3059 sapientia
966 2978 1085 3061 genita.

119 3221 123 3226 ’
228 3192 293 3259 Be
307 3195 499 3259 seeundo
520 3192 721 3258 Artae'oulo
744 3192 816 3254 dico
829 3192 919 3273 quod
938 3191 991 3252 illa
1006 3201 1054 3254 est
1070 3189 1128 3254 fal-

160 3321 200 3362 sa
230 3301 423 3382 propositio:
457 3303 551 3363 Pater
578 3310 628 3363 est
657 3300 786 3382 sapiens
817 3298 975 3380 sapientia
1006 3297 1125 3380 genita,

162 3408 255 3489 quod
290 3407 446 3490 probatur
479 3429 536 3489 per
563 3407 793 3490 Augustinum
822 3406 892 3469 Lib.
922 3425 951 3468 Ι.
982 3406 1124 3468 Retract.

160 3514 220 3596 qui
244 3524 397 3578 retractat
419 3516 509 3596 quod
532 3515 660 3576 dixerat
684 3515 774 3596 quod
798 3515 891 3576 Pater
914 3522 962 3575 est
997 3512 1126 3594 sapiens

160 3622 321 3703 sapientia
344 3622 463 3704 genita.

1017 3749 1044 3790 22
