2684 4209
280 223 343 302 396
530 220 606 284 Lm.
629 221 644 284 1
668 220 964 285 Ssnrsnrmnun

1012 337 1211 350 -———--

250 428 303 490 nit
325 427 458 509 aliquod
481 427 690 509 contingens;
715 426 772 488 sed
796 425 928 488 scientia
942 426 1004 488 Dei
1028 426 1071 488 de
1094 426 1220 488 contin·

252 535 406 617 gentibus
429 533 607 596 necessario
632 533 858 615 praesupponit
873 532 995 614 aliquid
1017 533 1220 614 contingens,

246 641 373 703 scilicet
396 639 543 702 divinum
568 640 649 702 velie
671 639 714 701 ad
737 648 848 716 extra;
873 659 953 721 ergo
981 639 1115 702 scientia
1148 660 1221 702 con-

253 746 450 829 tingentium
474 767 540 808 non
564 756 613 809 est
628 746 815 827 simpliciter
838 746 1025 808 necessaria.
1047 745 1152 826 Quod
1172 767 1223 808 au-

247 863 321 916 tern
345 854 427 916 velle
450 853 597 915 divinum
622 861 769 934 respectu
793 852 1054 933 contingentium
1081 853 1123 914 sit
1152 873 1222 914 con-

249 961 392 1042 tingenS,
417 960 574 1042 probatur
597 959 658 1021 sic:
686 959 849 1022 Voluntas
873 957 951 1020 nihil
976 959 1045 1020 vult
1079 979 1220 1022 necessa·

253 1067 302 1129 rio
327 1066 384 1128 nisi
401 1067 490 1148 quod
508 1064 606 1129 habet
622 1064 847 1128 habitudinem
861 1065 1075 1127 necessariam
1089 1066 1133 1127 ad
1158 1066 1217 1148 pri·

254 1193 346 1234 mum
370 1172 440 1253 ejus
462 1171 639 1253 objectum,
665 1171 748 1234 idest
770 1171 811 1234 ad
847 1172 1021 1234 essentiam
1057 1171 1218 1244 divinam;

257 1279 314 1340 sed
338 1279 561 1360 contingentia
584 1298 650 1341 non
675 1277 797 1340 habent
820 1277 1032 1340 necessariam
1063 1278 1220 1340 habitudi-

253 1406 329 1448 nem
353 1386 395 1447 ad
418 1385 590 1448 essentiam
614 1385 773 1462 divinam;
799 1404 879 1467 ergo
895 1385 1047 1446 voluntas
1070 1405 1137 1447 non
1154 1385 1219 1447 vult

254 1493 306 1554 illa
329 1493 517 1566 necessario
534 1501 567 1554 et
590 1511 647 1573 per
662 1511 866 1573 consequens
881 1492 953 1554 vult
977 1512 1016 1552 ea
1031 1492 1220 1575 contingen·

246 1608 310 1662 ter.
335 1635 379 1644 -
406 1597 638 1682 confirmatur,
662 1599 739 1680 quia
755 1599 901 1680 potentia
917 1619 993 1680 quae
1017 1609 1067 1660 est
1084 1599 1220 1661 indeter-

250 1706 376 1767 minata
398 1706 439 1768 ad
463 1705 531 1767 duo
554 1705 706 1788 opposita
728 1705 956 1787 contingenter
988 1725 1022 1767 se
1056 1705 1158 1767 habet
1180 1705 1219 1768 ad

252 1812 330 1886 ista;
355 1813 410 1874 sed
435 1812 585 1874 voluntas
609 1811 719 1874 divina
741 1821 789 1874 est
813 1811 1068 1874 indeterminata
1091 1813 1136 1874 ad
1156 1813 1220 1875 duo

242 1919 419 2000 opposita;
443 1919 773 2000 ergofcontingenter
796 1938 830 1980 se
853 1917 953 1981 habet
975 1919 1018 1980 ad
1041 1919 1105 1981 illa.

320 2129 525 2198 Secunda
562 2131 793 2198 Conclusio
823 2132 1005 2194 declaratur
1036 2132 1100 2194 sic:
1136 2133 1219 2196 Cum

243 2239 338 2300 enim
363 2237 543 2301 intellectus
562 2237 691 2301 divinus
707 2238 749 2300 ab
772 2247 896 2300 aeterno
920 2239 1090 2320 cognoscit
1105 2239 1221 2301 volun-

243 2354 353 2407 tatem
377 2345 521 2408 divinam
546 2346 595 2406 vel
620 2365 713 2407 suam
737 2354 769 2406 et
793 2365 908 2407 omnes
932 2345 1222 2408 determinationes

247 2451 332 2532 ejus,
360 2451 384 2514 si
408 2453 560 2514 voluntas
583 2451 810 2514 determinavit
833 2451 955 2534 aliquid
971 2450 1120 2514 futurum
1143 2451 1220 2518 fore.

242 2558 331 2620 illud
354 2558 523 2640 cognoscit
547 2558 727 2620 intellectus
750 2558 879 2620 divinus
907 2558 1086 2620 necessario
1111 2579 1221 2622 neces·

244 2665 345 2727 sitate
368 2665 607 2747 suppositionis,
632 2665 751 2728 scilicet
774 2663 851 2746 quia
874 2665 1027 2727 voluntas
1050 2665 1094 2727 sic
1118 2666 1221 2728 deter-

253 2771 398 2832 minavit.

320 2877 384 2940 Sed
408 2877 460 2939 hic
483 2878 611 2939 videtur
633 2878 771 2940 dubium
795 2878 965 2960 quomodo
988 2878 1141 2940 voluntas
1157 2878 1219 2940 Dei

252 2983 500 3047 indeterminata
523 2985 565 3046 ad
589 2984 739 3065 opposita
762 2984 805 3046 ab
828 2993 951 3047 aeterno
975 2993 1084 3066 potest
1107 3005 1142 3046 se
1164 2985 1218 3046 de

242 3091 424 3152 terminare
447 3091 489 3152 ad
512 3091 649 3152 alterum
667 3091 802 3153 istorum
819 3091 887 3153 sine
902 3091 951 3152 sui
972 3091 1161 3153 mutatione.
1175 3127 1220 3138 -

252 3196 297 3259 Et
320 3196 396 3258 dicit
420 3196 472 3258 hic
496 3197 614 3260 Scotus
636 3197 746 3278 primo
770 3217 826 3278 per
850 3197 952 3259 simile
983 3198 1025 3259 de
1048 3197 1217 3259 voluntate

251 3311 370 3374 nostra,
407 3323 483 3364 nam
511 3304 661 3366 voluntas
697 3312 805 3366 nostra
839 3312 887 3366 est
922 3303 953 3366 in
996 3304 1142 3385 potentia
1176 3303 1217 3365 ad

249 3419 372 3482 actum,
398 3410 441 3471 ita
464 3411 553 3490 quod
574 3410 861 3491 praeceditactum.
876 3412 957 3473 Item
981 3420 1031 3472 est
1057 3411 1088 3471 in
1106 3421 1218 3492 poten·

241 3517 294 3575 tia
321 3515 448 3596 passiva
474 3516 516 3577 ad
532 3517 675 3578 diversos
709 3525 741 3579 et
776 3517 944 3599 oppositos
971 3526 1073 3579 actus.
1109 3517 1216 3579 Tertio

250 3619 402 3681 voluntas
419 3631 528 3682 nostra
552 3642 608 3702 per
624 3622 768 3685 diversos
791 3632 883 3685 actus
903 3623 1100 3686 determinat
1116 3643 1150 3686 se
1173 3623 1215 3684 ad
