2684 4209
230 258 292 320 194
469 241 543 303 Lus.
569 242 582 303 Ι
607 240 899 305 Sauran‘rmaun

202 446 357 528 quaedam
382 466 438 527 per
462 446 665 527 scripturam,
702 448 857 528 quaedam
883 467 939 528 per
963 447 1175 510 consuetudi-

203 573 278 615 nem
298 553 479 615 secundum
502 554 593 635 quod
617 554 845 635 opportunitas
868 554 1025 635 temporis
1060 554 1172 636 exige-

205 659 261 722 bat
283 660 417 742 quando
441 680 535 723 novae
560 660 698 723 haereses
727 661 942 742 exurgebant.

271 766 330 828 Ad
349 767 524 829 secuudum
559 768 633 829 dico
656 768 747 849 quod
781 779 922 829 nonest
957 768 1071 841 simile,
1093 767 1175 849 quia

204 874 236 935 in
260 874 413 936 creaturis
437 894 503 936 non
538 874 802 936 communicatur
837 874 938 936 verbo
975 873 1174 937 foecunditas

205 980 398 1057 voluntatis;
424 980 455 1041 in
480 980 596 1042 divinis
620 990 731 1041 autem
760 990 893 1062 propter
917 978 1111 1043 infinitatem
1135 979 1175 1043 fit

207 1086 464 1150 communicatio
488 1086 610 1149 Verbo.

272 1193 330 1255 Ad
350 1194 492 1266 tertium,
520 1203 658 1276 negatur
686 1194 920 1276 consequentia,
950 1193 1027 1275 quia
1055 1201 1174 1255 natura

205 1300 315 1361 divina
339 1320 403 1362 non
428 1309 535 1382 potest
571 1300 718 1381 pluribus
753 1300 1025 1381 productionibus
1060 1298 1172 1362 haberi

207 1406 239 1468 in
264 1427 327 1468 una
352 1426 497 1487 persona,
523 1416 630 1488 potest
664 1415 775 1469 tamen
812 1427 878 1469 una
912 1427 1051 1489 persona
1081 1427 1174 1470 com-

208 1514 373 1575 municare
396 1512 543 1595 pluribus
568 1513 839 1595 productionibus
863 1522 1026 1575 naturam.

272 1620 331 1681 Ad
349 1630 515 1702 quartum,
545 1640 630 1702 nego
654 1622 808 1703 majorem
840 1621 974 1702 quando
996 1619 1170 1702 supposita

207 1727 418 1809 producentia
435 1727 621 1808 producunt
645 1727 742 1789 unico
758 1726 920 1808 principio
936 1736 970 1789 et
989 1726 1085 1789 unica
1100 1747 1174 1808 pro

205 1834 368 1906 ductione,
392 1834 475 1896 sicut
498 1835 592 1896 Pater
616 1842 649 1895 et
677 1833 777 1895 Filius
800 1854 835 1895 se
869 1832 991 1895 habent
1028 1833 1061 1896 in
1093 1854 1174 1915 pro-

207 1940 361 2003 ductione
385 1940 523 2021 Spiritus
548 1940 668 2004 Sancti.

273 2046 332 2109 Ad
351 2047 512 2128 quintum,
540 2048 613 2109 dico
637 2047 728 2128 quod
751 2048 845 2109 Pater
875 2046 1070 2109 sufficienter
1094 2067 1171 2127 pro·

208 2154 308 2227 ducit,
333 2163 365 2215 et
390 2154 490 2215 Filius
517 2155 670 2227 similiter,
695 2154 750 2215 sed
787 2174 852 2215 nou
889 2154 1017 2215 duabus
1052 2154 1176 2235 produ·

208 2260 378 2329 ctionibus,
404 2262 458 2322 sed
484 2262 577 2322 unic]
601 2271 730 2342 tantum
754 2270 787 2323 et
811 2260 908 2322 unico
932 2260 1100 2341 principio.

277 2367 335 2429 lid
355 2368 507 2429 ultimum
532 2368 605 2429 dico
621 2367 711 2447 quod
736 2366 767 2429 iu
785 2367 867 2429 Filio
884 2387 950 2429 nou
973 2376 1023 2428 est
1047 2367 1091 2428 ita
1115 2365 1175 2429 foe-

210 2474 359 2536 conditas
383 2474 573 2545 intellectus,
602 2474 685 2535 sicut
709 2475 869 2546 voluntas,
894 2474 971 2554 quia
994 2474 1178 2536 intellectus

212 2591 247 2643 ut
264 2582 523 2643 communicatur
542 2580 623 2641 Filio
640 2581 738 2642 habet
760 2580 936 2643 terminum
952 2579 1175 2661 adaequatum,

212 2688 363 2750 voluntas
387 2708 463 2749 vero
488 2708 562 2750 non.

278 2902 339 2963 Ao
353 2914 581 2965 PRINCIPALIA
597 2913 829 2963 nnuuusuru
841 2899 957 2962 dicitur
971 2919 1037 2961 uno
1062 2898 1174 2969 modo.

212 3008 302 3092 quod
328 3008 551 3070 Damascenus
567 3017 599 3069 et
622 3006 674 3068 alii
691 3006 820 3069 suerunt
837 3006 919 3068 illius
943 3005 1114 3088 opinionis.
1133 3042 1177 3051 -

212 3114 320 3179 Aliter
344 3114 459 3177 dicitur
483 3114 572 3196 quod
600 3115 752 3175 voluntas
786 3134 860 3196 quae
896 3122 945 3176 est
979 3112 1176 3194 principium

216 3222 354 3305 Spiritus
379 3221 487 3285 Sancti
512 3232 560 3283 est
589 3221 619 3283 in
645 3220 728 3283 Filio
744 3242 764 3282 a
786 3220 890 3292 Patre,
907 3220 939 3281 in
956 3219 1051 3281 Patre
1065 3227 1178 3280 autem

214 3350 232 3390 a
258 3330 355 3403 nullo,
380 3340 412 3391 et
436 3328 508 3390 ideo
531 3327 625 3391 dicit:
650 3349 692 3389 cx
715 3328 815 3389 Patre
842 3327 992 3400 dicimus,
1016 3325 1181 3407 accipiens

215 3435 417 3497 voluntatem
442 3456 501 3517 pro
526 3434 645 3516 Spiritu
672 3434 793 3497 Sancto
816 3434 872 3514 qui
903 3434 1011 3505 etiam,
1029 3442 1065 3495 ut
1087 3432 1180 3513 quie·

216 3541 275 3605 scit
299 3540 330 3603 in
355 3540 447 3613 Filio,
471 3550 520 3603 est
543 3562 562 3602 a
587 3540 689 3603 Patre.
715 3578 758 3586 —-
783 3539 888 3603 Aliter
912 3549 1020 3622 potest
1042 3538 1105 3601 dici
1129 3560 1181 3601 se-

214 3648 361 3711 cundum
397 3648 482 3710 viam
520 3648 666 3731 Magistri
705 3647 887 3710 Alexandri
921 3645 1045 3727 antiqui
1086 3646 1122 3708 in
1147 3665 1181 3709 1.
