2684 4209
236 283 422 350 D1sT1ucT.
448 282 539 363 XIV,
564 282 630 345 XV
652 291 687 345 et
711 281 793 343 XVI
818 279 965 362 Qunsr.
988 279 1019 342 11
1065 294 1129 359 ²17

186 488 340 570 cipiendo
363 488 553 571 sapientiam
578 488 723 571 genitam
746 486 820 550 dico
850 485 1018 549 essentiale
1041 495 1074 548 et
1098 505 1154 548 no

184 594 319 658 tionale.
415 662 417 666 ,

255 702 314 765 Ad
336 702 544 785 propositum
567 700 764 783 applicando
788 700 861 763 dico
884 700 975 781 quod
1000 699 1062 762 hoc
1085 719 1154 760 ver·

189 809 269 871 bum
293 808 384 871 mitti
404 817 453 871 est
485 807 627 870 mixtum
659 828 703 869 ex
733 806 892 869 essentiali
923 815 957 868 et
987 804 1152 878 notionali,

183 916 266 997 quia
289 936 353 977 uno
377 915 468 977 inodo
483 914 561 976 dicit
578 915 766 977 relationem
783 913 925 996 originis
943 933 1018 994 quae
1039 932 1155 975 conve

191 1022 239 1084 nit
264 1022 317 1084 uni
334 1042 482 1104 personae
500 1030 639 1094 tantum,
665 1030 697 1083 et
713 1040 811 1084 omne
827 1022 891 1083 tale
913 1030 962 1082 est
979 1019 1153 1082 notionale.

190 1128 336 1192 Secundo
360 1128 451 1190 modo
467 1128 544 1190 dicit
562 1126 787 1190 habitudinem
802 1128 844 1188 ad
868 1136 1153 1208 creaturamque

183 1235 341 1297 convenit
357 1235 460 1297 tribus
484 1234 638 1316 personis,
656 1242 688 1297 et
704 1254 803 1296 omne
825 1234 889 1296 tale
904 1242 953 1295 est
976 1232 1154 1306 essentiale,

182 1352 222 1406 et
244 1351 293 1405 est
315 1341 486 1404 efficientia
509 1350 740 1415 creaturarum,
764 1360 840 1422 quae
868 1341 1037 1403 efficientia
1068 1360 1155 1402 com-

188 1448 270 1531 petit
292 1448 395 1511 tribus
419 1448 573 1530 personis,
598 1448 674 1529 quia
697 1467 797 1529 opera
820 1447 985 1509 Trinitatis
1008 1456 1084 1509 sunt
1108 1446 1154 1509 in-

189 1555 292 1617 divisa
315 1556 358 1617 ad
381 1564 475 1617 extra
499 1574 556 1635 per
580 1553 827 1636 Augustinum:
853 1555 943 1635 quod
975 1563 1085 1616 autem
1109 1553 1154 1615 sic

183 1661 347 1743 competit
374 1661 478 1724 tribus
509 1660 663 1742 personis,
697 1662 786 1743 large
817 1669 924 1742 potest
954 1660 1017 1722 dici
1047 1680 1155 1723 essen·

190 1769 274 1831 tiale.

259 1978 347 2045 llis
362 1980 620 2062 proemt'sst’s
642 1980 717 2042 dico
744 1981 786 2042 ad
817 1982 1032 2062 quaestionem
1064 1982 1154 2063 quod

182 2085 231 2147 de
253 2105 293 2147 eo
317 2096 394 2149 sunt
418 2087 493 2148 duae
517 2086 697 2168 opiniones.
728 2081 814 2155 Una
830 2096 879 2150 est
903 2088 1062 2170 Magistri,
1078 2108 1154 2169 quae

182 2200 239 2254 est
263 2194 353 2274 quod
377 2214 515 2276 persona
540 2193 647 2255 mittat
670 2194 828 2274 seipsam;
853 2195 942 2276 quod
967 2195 1084 2276 probat

256 2298 372 2361 Primo
395 2299 457 2361 sic:
483 2300 612 2363 Mittere
627 2310 676 2362 est
699 2299 851 2363 effectum
874 2321 1015 2375 causare,
1040 2301 1154 2383 inquo

188 2404 348 2467 habeatur
372 2426 509 2487 persona
533 2407 583 2469 vel
607 2406 700 2488 origo
724 2427 890 2487 personae;
914 2408 971 2470 sed
1002 2406 1153 2470 effectum

182 2511 232 2573 ad
255 2521 349 2574 extra
373 2533 439 2575 non
463 2513 559 2575 efficit
588 2533 653 2575 nna
685 2534 823 2594 persona
854 2514 922 2575 sine
952 2513 1014 2576 alia
1044 2534 1155 2578 secun-

182 2618 271 2681 dum
295 2618 523 2701 Augustinum
539 2620 571 2681 in
595 2619 742 2702 pluribus
758 2620 846 2693 locis,
871 2620 926 2702 qui
950 2621 1043 2703 ponit
1064 2622 1153 2703 quod

182 2745 289 2807 opera
313 2725 479 2787 Trinitatis
502 2735 578 2787 sunt
609 2726 746 2789 indivisa
777 2728 819 2789 ad
842 2736 954 2804 extra;
986 2748 1066 2809 ergo
1089 2748 1154 2789 una

182 2851 328 2913 ¹persona
352 2852 418 2893 non
444 2832 581 2895 mittitur
597 2834 665 2895 sine
689 2832 760 2917 alia,
785 2833 878 2895 etsie
903 2854 979 2896 cum
1004 2854 1070 2896 una
1086 2855 1155 2916 per-

182 2958 270 2999 :sona
294 2938 431 3000 mittitur
455 2937 524 3020 ipsa
548 2939 646 3002 mittit
670 2939 819 3021 seipsam.

259 3042 404 3107 Secundo
428 3045 488 3107 sic:
515 3046 644 3108 Mittere
675 3056 707 3108 et
739 3046 822 3107 mitti
854 3046 976 3108 habent
1006 3068 1041 3108 se
1072 3047 1155 3110 sicut

190 3150 356 3212 incarnare
378 3160 411 3213 et
434 3150 609 3230 incarnari;
635 3153 692 3214 sed
724 3152 889 3215 incarnare
920 3152 1074 3215 convenit
1098 3154 1154 3215 tri-

190 3256 260 3330 bus,
286 3256 358 3319 licet
382 3257 538 3319 incarnari
563 3258 604 3320 sit
629 3259 800 3340 proprium
825 3259 898 3333 uni;
923 3280 1003 3341 ergo
1028 3260 1155 3323 mittere

181 3371 238 3425 est
261 3382 438 3425 commune
461 3364 573 3427 tribus.

264 3468 367 3531 Tertio
383 3470 444 3532 sic:
470 3470 667 3533 Ambrosius
688 3472 759 3534 Lib.
785 3490 815 3534 1.
832 3473 871 3535 dc
888 3471 1017 3553 Spiritu
1035 3472 1156 3536 Sancto

190 3584 390 3657 pertractans
407 3576 485 3639 illud
509 3577 618 3639 lsaiae:
644 3578 783 3659 Spiritus
816 3580 949 3647 Domini
981 3601 1077 3661 super
1102 3602 1155 3643 me

181 3690 251 3744 etc.
269 3682 346 3745 dicit
362 3684 423 3745 sie:
450 3683 535 3748 Cum
553 3704 618 3747 non
642 3684 812 3748 definitum
830 3685 924 3749 fuerit
948 3708 967 3748 a
990 3686 1156 3768 Propheta
