2684 4209
374 294 563 358 Disnuc'r.
587 296 616 360 11
642 294 791 378 Qunsr.
813 295 827 358 1
1048 310 1087 377 57

141 518 171 561 1.
196 498 344 581 Metaplt.
369 522 394 562 c.
420 519 450 563 1.
467 500 527 563 sic:
553 501 586 565 Si
599 511 676 564 sunt
689 502 784 583 plura
802 522 931 564 necesse
943 523 1021 575 esse,
1034 513 1113 566 tunc

139 607 303 688 aliquibus
327 607 505 669 rationibus
528 608 790 690 distinguuntur;
823 618 855 671 et
886 618 967 671 tuuc
999 630 1113 691 quaero

142 714 183 775 de
206 714 386 775 rationibus
410 714 477 787 illis,
502 714 579 795 quia
611 724 668 777 aut
692 723 767 777 sunt
797 736 928 778 necesse
951 737 1030 789 esse,
1056 726 1113 778 aut

142 841 227 894 non;
251 821 284 882 si
306 842 370 882 nou
400 815 479 903 ergo
504 841 634 883 necesse
649 842 719 884 esse
735 822 870 885 includit
886 823 1006 904 aliquid
1024 824 1113 905 quod

138 938 189 989 est
214 928 367 1008 possibile
391 948 469 999 esse,
504 928 594 1009 quod
626 937 675 989 est
706 927 841 1003 salsum;
874 930 899 991 si
931 951 1008 991 vero
1039 940 1114 993 sunt

143 1054 263 1095 reccessc
285 1054 360 1105 esse,
389 1042 467 1096 tunc
492 1033 627 1096 habebit
651 1034 733 1096 duas
750 1036 890 1097 rationes
906 1038 1112 1110 necessitatis,

139 1150 176 1201 et
199 1139 261 1202 hoc
284 1149 333 1202 est
357 1140 596 1213 inconveniens,
622 1142 699 1223 quia
729 1142 851 1223 aliquid
875 1153 1113 1207 esset-necesse

140 1268 210 1309 esse
222 1268 280 1328 per
291 1247 435 1328 aliquam
453 1248 621 1321 rationem,
639 1269 705 1330 qua
721 1250 871 1330 apposita
898 1252 948 1311 vel
974 1260 1113 1323 remota,

144 1354 359 1416 nihilominus
382 1362 466 1415 esset
489 1374 619 1416 necesse
643 1376 722 1417 esse.

214 1456 362 1545 Quarto
381 1463 504 1544 potest
524 1456 685 1545 probari
704 1483 760 1543 per
785 1464 878 1524 viam
906 1464 1115 1527 carnalitatis

143 1576 179 1629 et
208 1567 458 1648 omnipotentio.
491 1568 635 1630 Ponatur
665 1569 752 1630 enim
785 1570 874 1650 quod
908 1590 992 1631 unus
1024 1571 1114 1633 Deus

142 1674 221 1735 velit
245 1675 379 1735 Petrum
404 1674 592 1756 producere,
625 1684 656 1736 et
681 1676 762 1737 alius
790 1677 866 1737 velit
884 1677 1016 1738 Petrum
1049 1698 1114 1739 nou

148 1780 296 1860 produci,
320 1790 398 1841 tunc
422 1801 535 1862 quaero
558 1801 600 1842 au
625 1782 738 1843 Petrus
755 1782 954 1863 producitur,
971 1804 1013 1844 an
1038 1804 1113 1846 non.

151 1886 183 1949 Si
209 1887 409 1968 producitur,
434 1908 514 1968 ergo
538 1889 700 1949 secundus
725 1888 816 1962 Deus
840 1910 905 1951 non
934 1899 981 1951 est
1013 1891 1115 1952 omni-

144 2003 265 2073 potens
289 2013 365 2055 cum
390 1994 466 2055 velit
490 1995 621 2055 Petrum
647 2015 712 2056 uon
738 1996 884 2076 produci,
909 2005 940 2058 et
972 1996 1016 2057 sic
1048 2018 1113 2059 non

141 2107 228 2161 esset
254 2098 353 2161 Deus.
380 2099 413 2162 Si
437 2109 547 2162 autern
580 2101 693 2162 Petrus
717 2122 783 2162 non
809 2103 1010 2183 producitur,
1035 2124 1115 2184 ergo

145 2206 232 2287 prior
272 2206 363 2267 Deus
394 2226 459 2267 non
499 2217 546 2268 est
586 2208 803 2287 omnipotens,
843 2210 919 2289 quia
958 2209 1028 2269 vult
1060 2210 1115 2271 Pe-

142 2322 233 2373 trum
259 2312 406 2393 produci,
431 2312 530 2375 etsie
555 2334 621 2374 non
646 2322 694 2375 est
720 2313 821 2375 Deus.

213 2418 283 2481 Sed
301 2420 431 2491 diceres,
456 2420 545 2501 quod
569 2429 804 2501 argumentum
829 2420 911 2483 forte
928 2442 993 2483 uon
1018 2423 1113 2496 valet,

143 2526 221 2606 quia
247 2525 289 2586 illi
314 2526 382 2587 duo
412 2526 455 2588 dii
487 2523 632 2587 fecerunt
666 2538 800 2608 pactum
832 2528 874 2589 ad
905 2528 1046 2590 invicem
1079 2539 1115 2591 ut

140 2632 234 2713 quod
266 2633 337 2693 vuit
368 2653 452 2695 unus
482 2635 552 2694 vult
584 2633 674 2695 alius.
700 2634 783 2695 Dico
814 2636 902 2715 quod
934 2658 1006 2707 nou,
1038 2636 1115 2715 quia

144 2739 294 2818 ejusdem
319 2738 451 2802 effectus
476 2761 541 2801 non
566 2751 703 2821 possunt
726 2762 795 2802 esse
819 2743 894 2803 duae
928 2764 1035 2803 causae
1067 2752 1116 2804 to—

144 2847 227 2907 tales
243 2846 275 2907 in
300 2846 416 2907 eodem
441 2846 554 2908 ordine
577 2867 695 2919 causae,
721 2849 797 2929 quia
813 2869 855 2909 ex
877 2870 944 2929 quo
961 2859 1114 2910 causatus

142 2961 194 3013 est
217 2952 259 3013 ab
285 2972 359 3023 uua,
385 2952 583 3033 impossibile
605 2963 653 3015 est
677 2956 768 3035 quod
794 2953 849 3014 fiat
880 2954 921 3016 ab
947 2955 1024 3026 alia;
1058 2956 1114 3016 sed

146 3058 292 3139 potentia
316 3056 439 3121 infinito
462 3068 510 3121 est
534 3080 630 3122 causa
654 3062 763 3122 totalis
787 3060 920 3123 effectus
937 3062 969 3122 in
988 3062 1115 3123 rationo

145 3185 257 3227 -causae
282 3165 414 3245 primae;
439 3187 527 3248 ergo

217 3266 360 3355 Quinto
382 3268 632 3354 confirmatur
656 3295 713 3354 per
737 3274 897 3335 rationem
923 3274 1114 3355 Philosophi

143 3378 180 3439 8.
217 3377 319 3458 Phys.
350 3371 438 3441 circo
470 3380 628 3461 medium.
663 3380 788 3454 Unum,
822 3382 934 3461 inquit,
965 3381 1113 3462 primum

150 3504 285 3547 movens
321 3486 425 3567 magIs
461 3506 560 3567 quam
592 3487 694 3547 multa
725 3497 854 3566 oportet
878 3488 1057 3560 aestimare,
1083 3488 1115 3549 iu

149 3588 199 3651 his
222 3591 308 3653 enim
333 3612 408 3673 quae
433 3602 508 3654 sunt
532 3603 655 3663 natura,
682 3594 764 3655 idest
787 3594 819 3655 in
845 3595 939 3656 rebus
964 3593 1116 3655 naturali-

147 3697 212 3758 bus
235 3697 394 3759 sufficiens
417 3707 466 3761 est
489 3719 591 3760 unum
616 3700 759 3781 primum
778 3721 912 3761 movens
934 3721 1017 3773 esse;
1035 3721 1114 3779 ergo
