2684 4209
335 216 522 278 Drsrrucr.
547 216 576 277 11
601 214 749 297 Quasr.
773 216 802 278 11
1029 218 1071 295 63

916 332 1091 342 -———

133 445 218 497 rum,
251 422 328 504 quia
358 431 436 485 tunc
467 422 557 503 quod
588 422 794 485 reduceretur
828 432 911 485 esset
946 422 1096 504 imperfe—

134 539 226 592 ctum
251 530 433 591 secundum
456 537 564 591 totum
588 550 693 611 genus
716 550 826 604 suum;
851 530 908 592 sed
930 530 1096 611 pluralitas

134 636 370 719 principiorum
394 636 673 717 productivorum‚
698 638 748 699 vel
772 646 901 718 oportet
931 637 1022 719 quod
1052 658 1097 699 re-

128 744 277 806 ducatur
298 744 346 805 ad
366 744 523 805 unitatem
547 744 637 824 quod
661 764 819 806 essenon
844 753 960 825 potest,
985 754 1021 805 ut
1045 766 1099 827 pa·

128 860 179 913 tet
203 871 247 913 ex
264 849 436 931 praedictis,
454 850 503 911 vel
520 850 561 911 ad
579 859 706 912 tautam
716 851 916 931 paucitatem
932 850 974 913 ad
995 872 1098 933 quan-

136 968 206 1019 tam
231 965 341 1039 potest
363 957 487 1029 reduci;
512 957 568 1019 sed
593 976 657 1018 non
683 966 791 1038 potest
821 958 931 1020 reduci
962 959 1004 1021 ad
1040 960 1098 1021 rni-

137 1086 200 1129 nus
223 1085 325 1146 quarn
341 1064 382 1125 ad
403 1063 608 1137 dualitatem;
640 1084 720 1146 ergo
754 1074 829 1126 sunt
853 1065 895 1126 ibi
920 1066 986 1127 duo
1017 1065 1101 1147 prin-

139 1172 223 1254 cipia
254 1170 456 1252 productiva.
478 1206 490 1217 ·
512 1169 662 1233 Secimda
672 1182 754 1252 pars
770 1172 910 1233 minoris
933 1172 1099 1253 probatur,

135 1278 217 1361 quia
241 1277 396 1340 memoria
428 1277 563 1361 infinita
587 1277 686 1339 habet
717 1278 865 1340 notitiam
889 1279 1032 1361 genitam
1056 1279 1102 1341 in-

137 1383 267 1447 finitam
298 1383 506 1465 adaequatam
530 1404 606 1465 quae
630 1404 758 1465 semper
782 1394 901 1459 manet,
925 1394 957 1447 et
984 1386 1100 1447 eodem

142 1492 243 1555 modo
275 1491 426 1555 voluntas
465 1490 599 1574 infinita
635 1490 734 1553 habet
767 1512 913 1555 amorem
948 1494 1102 1575 adaequa·

136 1606 223 1661 tum.

211 1700 428 1773 &cundum
457 1700 753 1779 Conclusz'ouem,
778 1706 896 1769 scilicet
920 1706 1010 1788 quod
1033 1708 1102 1769 istae

142 1811 373 1895 productiones
396 1831 462 1875 non
486 1821 562 1874 sunt
583 1813 725 1894 ejusdem
749 1814 888 1876 rationis
903 1813 960 1875 sed
976 1814 1105 1876 alterius

141 1919 286 2002 probant
309 1918 407 2000 aliqui
430 1918 489 1980 sic:
514 1918 571 1981 Illa
596 1940 671 2001 quae
695 1929 771 1982 sunt
793 1921 935 2003 ejusdem
966 1921 1106 1984 rationis

141 2046 210 2089 non
235 2034 370 2107 possunt
402 2026 605 2107 multiplicari
641 2027 699 2088 nisi
735 2048 791 2108 per
826 2028 1013 2104 materiam
1049 2029 1106 2091 sed

143 2132 177 2195 in
201 2132 317 2195 divinis
340 2152 406 2195 non
429 2141 477 2195 est
503 2134 648 2209 materia;
674 2154 753 2217 ergo
776 2156 842 2197 non
865 2144 941 2197 sunt
970 2136 1013 2197 ibi
1030 2136 1105 2198 duae

147 2239 379 2323 productiones
401 2238 547 2320 ejusdem
571 2240 713 2303 rationis.

217 2344 337 2411 Contra
369 2344 466 2409 irtam
491 2346 648 2410 rationem
680 2347 813 2409 adducit
844 2348 968 2411 Doctor
1000 2359 1108 2412 noster

145 2452 342 2515 instantiam
366 2452 408 2515 de
434 2452 582 2534 Angelis
613 2454 691 2534 quia
722 2475 798 2515 cum
831 2456 962 2537 Angeli,
994 2477 1108 2518 secun-

146 2560 228 2621 dum
253 2559 362 2633 istum,
394 2578 459 2621 non
492 2558 632 2623 habeant
665 2561 843 2635 materiam,
875 2582 941 2623 non
972 2572 1108 2643 possunt

145 2686 216 2729 esse
239 2666 348 2747 plures
371 2664 403 2727 in
427 2666 541 2728 eadem
573 2667 689 2748 specie,
721 2677 753 2729 et
783 2678 965 2749 sequuntur
995 2677 1108 2731 contra

146 2792 224 2837 eum
249 2782 313 2835 tres
343 2772 490 2835 Articuli
518 2772 726 2835 condemnati
758 2775 883 2837 Parisiis
913 2797 933 2836 a
964 2775 1110 2837 Domino

150 2878 328 2960 Stephano.
359 2878 449 2943 Uirtus
494 2879 571 2941 dicit
594 2880 655 2942 sic:
686 2881 762 2961 quia
792 2881 1012 2963 intelligentiae
1044 2903 1109 2944 non

151 2985 272 3049 habent
296 2986 474 3059 mater-iam,
499 2986 572 3047 ideo
596 2986 687 3049 Deus
703 3008 769 3049 non
785 2998 892 3071 potest
913 2988 1016 3051 facere
1040 2991 1111 3070 plu-

151 3112 201 3155 res
225 3092 375 3173 Angelos
397 3092 544 3173 ejusdem
568 3094 698 3174 speciei:
723 3116 811 3156 error
835 3095 1002 3157 Secundus
1022 3098 1111 3177 quod

152 3198 242 3261 Deus
266 3219 331 3261 non
356 3199 456 3280 possit
481 3200 693 3281 multiplicare
717 3201 882 3263 individua
913 3203 973 3264 sub
997 3204 1111 3264 eadem

151 3308 258 3389 specie
281 3308 349 3371 sine
374 3307 519 3369 materia:
545 3328 631 3369 error
662 3308 787 3370 Tcru'zu
810 3310 899 3390 quod
916 3308 1030 3371 sormae
1048 3332 1112 3372 nou

151 3415 326 3497 suscipiant
350 3414 550 3484 divisionem,
576 3415 631 3475 nisi
657 3417 836 3477 secuudum
859 3418 1041 3478 materiam:
1066 3439 1113 3478 er-

154 3542 220 3597 ror;
245 3522 303 3584 nisi
340 3522 536 3603 intelligatur
560 3521 600 3582 de
624 3520 735 3583 formis
759 3524 882 3585 eductis
906 3526 947 3585 de
970 3526 1114 3607 potentia

154 3630 312 3704 materiae3
337 3650 417 3710 ergo
441 3629 481 3690 de
505 3627 616 3690 formis
647 3650 712 3691 non
744 3631 867 3692 eductis
899 3633 939 3692 de
970 3635 1116 3713 potentia
