2684 4209
262 243 324 320 358
519 240 599 302 Lm.
625 241 639 302 Ι
663 239 957 303 Saurnurmnuu

235 466 312 508 cens
336 444 477 527 perfecte
499 446 652 507 virtutem
678 464 781 515 suam,
806 444 976 526 cognoscit
1016 443 1121 506 omnia
1151 441 1195 503 ad

237 572 313 633 quae
336 552 438 613 virtus
461 552 513 613 illa
536 572 570 613 se
593 550 758 627 extendit;
783 551 839 612 sed
858 552 948 612 Deus
958 550 1122 633 cognoscit
1137 548 1198 608 vir—

238 667 343 721 tutem
367 679 460 721 suam
468 680 475 734 ;
499 678 578 739 ergo
601 657 771 739 cognoscit
794 657 905 731 omnia
928 657 970 719 ad
994 678 1068 739 quae
1098 656 1200 717 virtus

238 765 291 827 illa
314 786 347 827 se
370 765 527 828 extendit.
553 764 618 828 Sed
641 765 743 827 virtus
767 764 819 825 illa
842 764 992 826 extendit
1015 784 1048 827 se
1070 764 1111 825 ad
1123 783 1197 843 par·

239 871 384 933 ticularia
406 891 481 952 quae
505 880 581 933 sunt
603 880 698 932 extra
724 870 851 944 Deum;
876 892 966 953 ergo,

305 977 480 1048 Proeterea,
507 976 660 1058 sapientis
683 987 731 1039 est
744 976 849 1057 prima
861 976 1023 1039 ordinatio
1035 998 1075 1038 ex
1091 994 1116 1038 Ι.
1130 974 1203 1036 Με-

240 1083 328 1165 taplz.
354 1084 409 1145 Ex
433 1083 495 1145 hoc
511 1084 658 1166 arguitur
675 1084 733 1145 sic:
765 1083 929 1146 Ordinans
951 1084 1073 1165 aliquid
1100 1092 1133 1144 ut
1156 1081 1196 1143 ad

240 1188 349 1263 finem,
373 1190 543 1271 cognoscit
566 1190 658 1265 illud;
683 1190 740 1253 sed
766 1190 855 1253 Deus
887 1190 1016 1252 ordinat
1040 1190 1098 1252 alia
1119 1210 1138 1250 a
1165 1206 1202 1249 se

241 1306 278 1358 ut
301 1297 343 1357 ad
367 1295 481 1373 finem;
505 1317 585 1378 ergo
608 1296 778 1378 cognoscit
801 1296 864 1360 illa.

222 1438 226 1445 ·
307 1403 479 1476 Ρνωίενεα,
504 1402 685 1465 intellectus
709 1404 764 1484 qui
788 1403 933 1466 eontinet
949 1402 1199 1465 eminentissime

241 1508 470 1590 perfectionem
494 1530 606 1571 sensus
628 1519 661 1571 et
685 1510 935 1594 imaginationis
961 1520 1068 1591 potest
1084 1508 1191 1571 intelli-

239 1637 315 1699 gere
338 1616 503 1697 objectum
527 1625 683 1678 sensuset
700 1616 958 1697 imaginationis;
978 1617 1035 1677 sed
1060 1616 1195 1678 intellec·

238 1732 291 1785 tus
315 1723 376 1784 Dei
399 1733 446 1784 est
460 1722 664 1802 hujusmodi3
689 1743 768 1805 ergo
782 1733 889 1804 potest
902 1724 1080 1805 intelligere
1091 1722 1195 1801 objec-

240 1838 311 1891 tum
335 1850 447 1891 sensus
477 1839 509 1891 et
543 1830 794 1911 imaginationis,
832 1829 897 1893 Sed
932 1830 1100 1912 objectum
1130 1848 1200 1891 sen-

241 1936 344 1997 sitivae
368 1936 522 2017 potentiae
546 1936 596 1997 vel
620 1936 840 2017 imaginativae
857 1945 905 1997 est
917 1937 1096 2019 singulare;
1108 1954 1191 2017 ergo.

314 2041 434 2105 Ultimo
449 2042 596 2124 arguitur
619 2042 660 2103 ad
681 2042 767 2103 idem
788 2043 832 2105 sic
853 2063 910 2123 per
930 2044 1089 2105 rationem
1117 2042 1202 2104 theo-

243 2149 397 2231 logicam:
423 2149 513 2211 Deus
537 2148 768 2230 particulariter
789 2150 948 2229 judicabit
965 2149 1128 2222 homines3
1148 2147 1204 2210 sed

244 2253 307 2317 hoc
320 2276 385 2317 non
398 2265 506 2336 posset
517 2276 586 2318 esse
599 2256 657 2318 nisi
669 2266 881 2337 cognosceret
904 2266 995 2318 actus
1024 2256 1200 2323 hominum,

243 2370 276 2424 et
298 2362 348 2424 isti
372 2371 464 2424 actus
486 2372 562 2424 sunt
585 2361 764 2443 singulares
787 2372 819 2424 et
842 2362 971 2425 aliuda
1002 2364 1092 2438 Deo;
1128 2381 1205 2443 ergo
1309 2364 1310 2379 ¹

243 2467 334 2529 Deus
356 2468 524 2549 cognoscit
546 2468 720 2549 singularia
744 2489 819 2550 quae
843 2479 919 2530 sunt
941 2469 1003 2530 alia
1026 2470 1070 2531 ab
1095 2470 1174 2550 ipso.

317 2570 364 2642 Ut
383 2578 510 2641 alitem
534 2572 771 2662 intelligatur
794 2575 931 2657 qualiter
955 2576 1046 2638 Deus
1085 2594 1202 2659 cogno-

244 2679 304 2743 scit
326 2680 413 2743 aliud
437 2702 456 2743 a
479 2703 521 2756 se,
546 2691 595 2743 est
618 2682 800 2743 notandum
824 2684 913 2763 quod
930 2682 1097 2762 objectum
1112 2682 1204 2744 habet
1309 2733 1310 2784 p

245 2787 288 2848 ad
312 2788 491 2868 potentiam
515 2788 679 2868 duplicem
704 2788 940 2862 habitudinem,
954 2808 1053 2850 unam
1072 2789 1103 2850 in
1118 2788 1204 2851 ratio

244 2913 285 2955 ne
308 2893 433 2966 nautici,
462 2902 497 2956 ut
520 2894 598 2956 dicit
622 2894 839 2976 Philosophus
858 2913 892 2974 j.
917 2894 956 2957 de
979 2894 1117 2967 Anima,
1147 2894 1204 2957 ali·

245 3020 299 3061 am
323 2999 355 3062 in
379 3001 503 3063 ratione
518 3001 727 3063 terminantis
749 3010 856 3063 actum
882 3002 1045 3082 potentioe,
1078 3012 1111 3064 et
1149 3002 1207 3063 hoc

245 3106 405 3188 contingit
427 3107 596 3188 dupliciter
603 3127 610 3181 ;
636 3109 684 3170 vel
710 3108 786 3189 quia
801 3108 954 3170 terminat
971 3118 1082 3170 actum
1097 3118 1210 3190 poten·

245 3212 300 3274 tiae
323 3214 503 3275 secundum
527 3214 691 3296 propriam
709 3214 877 3288 rationem,
891 3214 973 3276 sicut
986 3214 1136 3276 sensibile
1153 3214 1209 3297 pri·

247 3338 303 3381 mo
326 3328 436 3380 actum
459 3340 579 3393 sensus,
610 3321 659 3382 vel
684 3321 837 3383 terminat
867 3321 1059 3383 secundario
1100 3332 1207 3385 actum

247 3425 402 3506 potentiae
430 3426 624 3508 inquantum
652 3427 828 3489 includitur
861 3428 891 3489 in
916 3428 1041 3491 ratione
1076 3428 1213 3510 alicujus

245 3531 377 3594 alterius
400 3532 518 3614 objecti
543 3534 648 3615 primo
673 3534 874 3596 terminantis
909 3545 1019 3597 actum
1045 3536 1207 3616 potentia.

314 3637 373 3699 Ad
386 3640 585 3720 propositum
610 3640 683 3702 dico
707 3641 795 3722 quod
822 3641 912 3703 Deus
936 3641 1012 3704 nihil
1037 3642 1158 3705 aliuda
1177 3662 1212 3705 se
1309 3640 1310 3719 l
