2684 4209
360 256 546 326 D1sntncr.
575 259 656 323 XIX
681 257 830 341 Quasa.
855 261 886 323 ΙΙ
1033 279 1099 341 249

150 465 272 529 siones.
295 465 414 528 Prima
437 475 485 529 est
507 466 598 548 quod
621 486 687 529 una
706 487 845 549 persona
860 488 927 530 non
942 468 1039 530 estin
1059 467 1122 531 alia

156 573 338 635 secundum
362 594 396 635 se
419 582 533 637 totam.
566 572 716 636 Secunda
740 572 914 638 Conclusio
941 574 1031 655 quod
1055 595 1121 637 una

152 692 296 761 *persona
319 688 368 741 est
391 678 422 741 in
446 679 508 742 alia
531 680 712 743 secundum
737 690 864 763 partem
891 701 968 763 quae
999 690 1048 743 est
1063 681 1120 743 ali·

152 786 239 868 ·quid
262 786 438 869 utriusque,
463 796 543 868 puta
567 808 623 867 per
647 787 832 850 essentiam.
985 780 989 788 ’

224 888 368 960 Prima
403 888 598 961 Conclusio
632 894 790 976 probatur
813 894 874 956 sic:
901 893 1044 975 Quando
1066 877 1120 957 ali·

151 1000 237 1082 ·quid
260 1008 308 1061 est
332 999 363 1061 in
387 998 450 1061 alio
473 1000 589 1081 primo,
614 1010 693 1063 tunc
723 1000 892 1083 quodlibet
922 1001 992 1082 ejus
1015 1010 1063 1065 est
1086 1002 1118 1064 in

158 1106 213 1168 illo
236 1126 332 1187 aeque
355 1106 471 1188 prim0,
496 1106 578 1169 sicut
601 1108 626 1169 si
649 1116 735 1170 terra
757 1108 850 1170 estin
866 1117 978 1170 centro
1001 1108 1118 1190 primo,

157 1221 237 1275 tunc
259 1212 414 1295 quaelibet
437 1234 512 1295 pars
526 1223 621 1276 terrae
645 1214 742 1277 estin
759 1224 871 1277 centro
890 1235 986 1296 aeque
1002 1214 1118 1296 prim0.

160 1319 252 1402 Ergo
275 1319 300 1381 si
334 1318 433 1382 Filius
464 1320 570 1401 primo
600 1321 780 1384 secundum
812 1342 846 1383 se
876 1329 984 1383 totum
1015 1321 1119 1383 estin

159 1426 262 1499 Patre,
288 1434 366 1489 tunc
389 1427 558 1508 quodlibet
573 1428 643 1508 ejus
656 1448 751 1509 aeque
764 1428 871 1510 primo
887 1437 935 1490 est
959 1428 991 1489 in
1015 1427 1119 1502 Patre,

148 1541 189 1594 et
212 1541 290 1595 tunc
318 1534 402 1595 sicut
432 1533 464 1595 in
496 1534 590 1596 Patre
613 1544 661 1596 est
691 1535 837 1608 essentia,
870 1535 913 1597 ita
936 1535 996 1596 erit
1019 1534 1052 1597 in
1079 1555 1120 1597 eo

157 1637 277 1701 filiatio.
303 1639 368 1703 Sed
399 1640 493 1702 Pater
525 1661 582 1722 per
613 1642 785 1704 essentiam
816 1651 864 1704 est
895 1642 1007 1717 Pater;
1039 1662 1119 1723 ergo

156 1747 250 1808 Pater
274 1744 427 1808 filiatione
449 1748 508 1809 erit
532 1747 636 1821 Pater,
660 1749 751 1829 quod
774 1758 822 1810 est
845 1749 1084 1811 inconveniens.

222 1852 396 1927 Proeterea,
420 1854 509 1934 quod
533 1864 581 1916 est
611 1854 643 1916 in
656 1854 719 1916 alio
742 1855 922 1917 secundum
946 1875 981 1917 se
1010 1863 1118 1916 totum

158 1960 341 2022 continetur
364 1969 396 2022 et
419 1961 572 2034 ambitur,
597 1970 628 2023 et
652 1961 731 2024 illud
756 1962 870 2043 inquo
893 1971 941 2024 est
957 1962 1059 2023 ambit
1087 1972 1119 2023 et

148 2066 319 2143 ‹continet;
343 2088 423 2149 ergo
447 2068 471 2129 si
496 2088 561 2130 una
584 2089 722 2149 persona
745 2068 925 2131 secundum
957 2089 990 2131 se
1013 2079 1118 2131 totam

156 2182 240 2236 esset
264 2174 294 2235 in
318 2173 380 2235 alia
403 2183 434 2236 et
458 2196 476 2237 e
501 2196 668 2249 converse,
693 2184 772 2237 tunc
796 2176 848 2237 illa
877 2196 1015 2257 persona
1045 2196 1120 2238 con-

156 2280 271 2342 tineret
294 2290 327 2342 et
350 2282 576 2355 contineretur,
600 2292 631 2343 et
655 2282 794 2344 ambiret
817 2292 849 2343 et
865 2282 1051 2345 ambiretur.
1075 2283 1119 2344 Et

147 2388 370 2469 confirmatur
382 2408 438 2469 per
451 2388 697 2469 Philosophum.
710 2409 741 2472 4.
758 2388 879 2469 Phys,
901 2389 955 2451 ubi
972 2390 1118 2471 arguitur

157 2495 200 2556 de
222 2493 382 2575 amphora
405 2504 436 2555 et
461 2495 536 2557 vino
567 2497 657 2577 quod
689 2496 766 2558 nihil
798 2507 846 2557 est
878 2497 967 2559 inse
1001 2496 1117 2577 primo,

158 2600 235 2681 quia
258 2611 337 2663 tunc
360 2602 475 2663 eadem
500 2612 582 2663 esset
607 2604 688 2664 ratio
720 2604 901 2685 recipientis
924 2613 956 2664 ct
988 2602 1117 2684 recepti,

158 2716 191 2769 et
214 2694 373 2789 amphora
398 2728 462 2770 non
488 2709 642 2789 reciperet
673 2710 785 2771 vinum
817 2710 996 2772 secundum
1028 2709 1117 2791 quod

157 2813 319 2894 amphora
342 2815 398 2876 sed
422 2816 602 2877 secundum
626 2816 716 2896 quod
732 2816 855 2888 vinum,
869 2826 901 2877 et
917 2816 1029 2877 vinum
1053 2835 1118 2876 non

158 2920 353 3001 reciperetur
378 2921 409 2983 in
434 2921 594 3003 amphora
618 2922 798 2983 secundum
822 2923 912 3003 quod
931 2922 1044 2985 vinum
1062 2923 1118 2984 sed

100 3068 105 3079 ,
158 3027 337 3089 secundum
362 3028 451 3109 quod
475 3027 644 3109 amphora.

225 3128 399 3199 Secunda
434 3130 631 3201 Conclusio
663 3135 820 3216 probatur
851 3136 913 3197 sic:
939 3135 1005 3198 Ubi
1030 3136 1120 3216 poni-

159 3248 212 3301 tur
235 3237 485 3303 lundamentum
518 3241 679 3304 relationis
706 3251 738 3304 et
768 3251 964 3315 extremum,
998 3242 1117 3303 ibidem

157 3345 289 3428 ponitur
313 3346 434 3409 relatio
467 3346 532 3411 Sed
563 3348 596 3410 in
620 3348 703 3409 Filio
734 3359 782 3411 est
805 3350 941 3411 essentia
971 3359 1118 3430 quaeest

158 3452 408 3515 fundamentum
426 3454 625 3535 paternitatis
641 3464 675 3517 et
686 3454 857 3517 filiationis.
883 3456 974 3537 Ergo
997 3456 1118 3518 ibidem

155 3568 209 3621 est
231 3559 417 3641 paternitas.
450 3598 485 3607 -
509 3561 570 3623 Vel
602 3562 663 3623 sic:
698 3561 764 3625 Ubi
788 3572 836 3624 est
867 3561 1118 3624 fundamentum

159 3666 329 3739 relationis,
354 3666 474 3729 ibidem
498 3676 546 3729 est
570 3668 682 3730 relatio
705 3669 730 3731 si
755 3670 886 3751 ponitur
909 3678 1118 3744 extremum;
