2684 4209
287 279 347 340 180
540 277 615 339 Lm.
640 278 655 339 Ι
680 277 976 342 Sonaaunnnun

258 490 318 557 tre,
341 491 375 545 et
408 482 502 545 Pater
536 502 556 544 a
590 483 729 545 nemine.
753 483 858 545 -In
882 483 944 545 isto
966 482 1119 547 Articulo
1138 486 1226 547 acci-

259 589 366 670 piatur
389 589 469 652 illud
492 588 582 671 quod
606 590 680 671 plus
706 590 822 671 placet,
847 590 924 671 quia
947 589 1079 653 inferius
1093 592 1168 673 plus
1189 601 1222 655 et

260 696 365 779 magis
388 696 603 759 declarabitur
626 696 714 761 Dist.
740 715 791 759 12.
816 718 846 779 q.
877 715 909 760 2.

327 910 388 973 An
423 923 567 974 amnon
603 924 642 973 nt
679 924 885 974 oeeosnuu
909 910 1025 973 dicitur
1052 912 1142 993 quod
1173 923 1223 975 est

253 1017 477 1099 raequivoeatio
510 1016 552 1079 de
579 1016 755 1099 principio,
784 1017 860 1099 quia
883 1026 920 1079 ut
950 1026 1040 1098 patet
1067 1038 1124 1099 per
1148 1018 1221 1080 Phi-

261 1122 436 1204 losophum
471 1141 501 1186 Ι.
536 1122 637 1204 Pliys.
662 1132 777 1186 contra
811 1123 978 1186 Melissum
1002 1145 1028 1185 c.
1056 1122 1106 1209 6.;
1128 1125 1228 1205 prin-

260 1230 382 1312 cipium
413 1230 503 1293 aliter
538 1230 655 1292 dicitur
690 1230 731 1292 de
758 1230 916 1312 principio
940 1230 1090 1311 temporis
1112 1240 1145 1293 et
1164 1252 1221 1313 ge-

260 1336 454 1399 nerationis.
490 1372 535 1383 -
570 1334 634 1400 Sed
670 1336 730 1399 ista
764 1336 882 1398 solutio
917 1354 983 1398 non
1013 1336 1108 1410 valet,
1143 1357 1220 1401 nam

259 1463 372 1506 verum
396 1452 444 1506 est
467 1443 500 1505 in
522 1443 683 1505 creaturis
710 1443 800 1525 quod
823 1442 913 1505 aliter
936 1450 985 1505 est
1019 1443 1220 1524 loquendum

258 1550 300 1612 de
322 1549 480 1632 principio
505 1550 655 1631 temporis
690 1559 723 1612 et
745 1550 836 1612 aliter
870 1549 911 1611 de
945 1549 1105 1631 principio
1123 1571 1226 1633 gene-

259 1656 407 1730 rationis,
431 1656 507 1738 quia
531 1657 698 1739 generatio
721 1665 754 1719 et
777 1655 905 1719 duratio
929 1676 995 1718 non
1011 1665 1088 1718 sunt
1123 1657 1221 1731 idem,
1328 1673 1329 1728 t

259 1762 352 1845 cujus
386 1763 586 1825 contrarium
609 1772 659 1826 est
682 1764 715 1825 in
740 1763 926 1845 proposit03
951 1763 1025 1825 ideo
1048 1783 1226 1846 argumen-
1328 1765 1329 1826 f

258 1878 330 1931 tum
353 1869 533 1951 accipiebat
555 1869 618 1933 sic:
644 1869 701 1932 ubi
724 1879 773 1932 est
795 1870 882 1933 idem
913 1890 978 1932 esse
1008 1878 1041 1932 et
1070 1870 1222 1949 durotio;
1328 1865 1329 1946 J

258 1976 284 2037 si
307 1974 429 2058 aliquid
456 1984 505 2038 est
529 1975 723 2057 principium
748 1975 883 2050 essendi,
907 1985 956 2038 est
978 1976 1077 2039 etiam
1109 1977 1228 2059 princi-
1328 2021 1330 2058 ᾗ

260 2080 350 2164 pium
367 2081 554 2145 durationis.
578 2118 623 2129 -
639 2082 717 2144 Ideo
732 2081 806 2144 dico
829 2083 871 2145 ad
887 2091 1120 2165 argumentum
1131 2084 1224 2165 quod

261 2189 367 2271 major
387 2197 436 2251 est
458 2209 535 2250 vera
563 2188 620 2251 ubi
643 2208 712 2251 esse
735 2188 836 2271 geniti
867 2190 1022 2270 praecedit
1044 2209 1111 2251 non
1142 2210 1227 2264 esse,
1328 2239 1329 2264 a

259 2294 303 2357 ita
326 2294 416 2377 quod
439 2303 514 2357 ante
537 2314 606 2357 esse
629 2303 678 2357 est
702 2315 767 2357 non
783 2315 862 2372 esse,
879 2295 970 2377 quod
983 2315 1049 2358 non
1072 2297 1226 2359 concedi·
1328 2299 1329 2306 ’

258 2410 311 2463 tur
327 2400 359 2462 in
386 2401 564 2484 proposito,
582 2401 658 2483 quia
675 2401 764 2464 nullo
788 2403 889 2465 modo
904 2410 952 2464 est
976 2401 1225 2485 intelligendum
1328 2391 1329 2444 i

259 2507 291 2570 in
317 2507 399 2570 Filio
423 2528 486 2571 non
509 2528 574 2571 esse
596 2517 673 2571 ante
694 2529 768 2571 esse.

325 2614 384 2677 Ad
402 2614 578 2678 secundum
601 2614 675 2678 dico
698 2614 788 2697 quod
808 2624 1040 2697 argumentum
1065 2615 1149 2679 bene
1171 2638 1228 2680 va-
1328 2631 1329 2644 ¹

258 2718 306 2781 dit
329 2719 370 2782 de
388 2721 597 2803 generatione
620 2729 753 2803 sumpta
775 2721 838 2783 sub
860 2721 986 2784 ratione
1009 2722 1221 2797 mutationis,

262 2824 318 2889 sed
341 2827 465 2889 nonde
488 2826 696 2909 generatione
710 2837 843 2910 sumpta
862 2828 924 2891 sub
947 2827 1071 2892 ratione
1087 2830 1232 2911 produc-

260 2932 359 2996 tionis
381 2933 552 3016 quomodo
576 2933 708 3016 ponitur
739 2935 905 3016 generatio
927 2934 960 2997 in
991 2934 1075 3011 Deo,
1100 2944 1136 2999 ut
1167 2958 1223 3020 pa·

258 3048 308 3103 tet
329 3060 373 3103 ex
397 3058 427 3103 1.
450 3040 525 3105 Art.
549 3038 650 3125 liujus
678 3038 800 3117 Quest.

691 3268 795 3626 t
