<?xml version="1.0" encoding="UTF-8"?>
<!DOCTYPE html PUBLIC "-//W3C//DTD XHTML 1.0 Transitional//EN"
    "http://www.w3.org/TR/xhtml1/DTD/xhtml1-transitional.dtd">
<html xmlns="http://www.w3.org/1999/xhtml" xml:lang="en" lang="en">
 <head>
  <title>
</title>
<meta http-equiv="Content-Type" content="text/html;charset=utf-8" />
  <meta name='ocr-system' content='tesseract 3.04.00' />
  <meta name='ocr-capabilities' content='ocr_page ocr_carea ocr_par ocr_line ocrx_word'/>
</head>
<body>
  <div class='ocr_page' id='page_1' title='image "./commentariainli01scotgoog_0252.png"; bbox 0 0 2684 4209; ppageno 0'>
   <div class='ocr_carea' id='block_1_1' title="bbox 230 248 931 329">
    <p class='ocr_par' dir='ltr' id='par_1_1' title="bbox 230 248 931 329">
     <span class='ocr_line' id='line_1_1' title="bbox 230 248 931 329; baseline -0.001 -16"><span class='ocrx_word' id='word_1_1' title='bbox 230 250 295 329; x_wconf 82' lang='lat'>236</span> <span class='ocrx_word' id='word_1_2' title='bbox 496 248 572 312; x_wconf 82' lang='lat' dir='ltr'>Lm.</span> <span class='ocrx_word' id='word_1_3' title='bbox 595 248 610 311; x_wconf 95' lang='grc' dir='ltr'>Ι</span> <span class='ocrx_word' id='word_1_4' title='bbox 633 248 931 313; x_wconf 77' lang='lat' dir='ltr'>Snnrnnnmxuu</span> 
     </span>
    </p>
   </div>
   <div class='ocr_carea' id='block_1_2' title="bbox 200 453 1174 3719">
    <p class='ocr_par' dir='ltr' id='par_1_2' title="bbox 200 453 1173 1479">
     <span class='ocr_line' id='line_1_2' title="bbox 277 453 1173 537; baseline -0.006 -18"><span class='ocrx_word' id='word_1_5' title='bbox 277 455 401 532; x_wconf 83' lang='lat' dir='ltr'>Quarto</span> <span class='ocrx_word' id='word_1_6' title='bbox 416 454 525 537; x_wconf 87' lang='lat' dir='ltr'>arguit</span> <span class='ocrx_word' id='word_1_7' title='bbox 539 454 675 536; x_wconf 89' lang='lat' dir='ltr'>quidam</span> <span class='ocrx_word' id='word_1_8' title='bbox 691 455 754 518; x_wconf 88' lang='lat' dir='ltr'>sic:</span> <span class='ocrx_word' id='word_1_9' title='bbox 779 455 845 518; x_wconf 92' lang='lat' dir='ltr'>Ista</span> <span class='ocrx_word' id='word_1_10' title='bbox 870 453 1038 536; x_wconf 87' lang='lat' dir='ltr'>dispositio</span> <span class='ocrx_word' id='word_1_11' title='bbox 1054 453 1104 515; x_wconf 92' lang='lat' dir='ltr'>vel</span> <span class='ocrx_word' id='word_1_12' title='bbox 1121 462 1173 515; x_wconf 87' lang='lat' dir='ltr'>est</span> 
     </span>
     <span class='ocr_line' id='line_1_3' title="bbox 202 561 1171 643; baseline -0.005 -17"><span class='ocrx_word' id='word_1_13' title='bbox 202 562 312 627; x_wconf 75' lang='lat' dir='ltr'>forma</span> <span class='ocrx_word' id='word_1_14' title='bbox 334 562 493 636; x_wconf 88' lang='lat' dir='ltr'>absoluta,</span> <span class='ocrx_word' id='word_1_15' title='bbox 518 562 568 624; x_wconf 89' lang='lat' dir='ltr'>vel</span> <span class='ocrx_word' id='word_1_16' title='bbox 592 561 734 625; x_wconf 89' lang='lat' dir='ltr'>relativa.</span> <span class='ocrx_word' id='word_1_17' title='bbox 761 561 795 626; x_wconf 90' lang='lat' dir='ltr'>Si</span> <span class='ocrx_word' id='word_1_18' title='bbox 818 562 975 635; x_wconf 85' lang='lat' dir='ltr'>absoluta,</span> <span class='ocrx_word' id='word_1_19' title='bbox 1004 581 1083 643; x_wconf 84' lang='lat' dir='ltr'>ergo</span> <span class='ocrx_word' id='word_1_20' title='bbox 1102 580 1171 642; x_wconf 91' lang='lat' dir='ltr'>qua</span> 
     </span>
     <span class='ocr_line' id='line_1_4' title="bbox 206 667 1173 751; baseline -0.003 -19"><span class='ocrx_word' id='word_1_21' title='bbox 206 670 330 733; x_wconf 89' lang='lat' dir='ltr'>ratione</span> <span class='ocrx_word' id='word_1_22' title='bbox 353 668 423 751; x_wconf 88' lang='lat' dir='ltr'>ipsa</span> <span class='ocrx_word' id='word_1_23' title='bbox 446 668 558 750; x_wconf 87' lang='lat' dir='ltr'>recipit</span> <span class='ocrx_word' id='word_1_24' title='bbox 582 668 687 751; x_wconf 84' lang='lat' dir='ltr'>magis</span> <span class='ocrx_word' id='word_1_25' title='bbox 709 677 742 731; x_wconf 90' lang='lat' dir='ltr'>et</span> <span class='ocrx_word' id='word_1_26' title='bbox 759 669 876 742; x_wconf 87' lang='lat' dir='ltr'>minus,</span> <span class='ocrx_word' id='word_1_27' title='bbox 902 667 970 749; x_wconf 91' lang='lat' dir='ltr'>pari</span> <span class='ocrx_word' id='word_1_28' title='bbox 994 667 1118 729; x_wconf 88' lang='lat' dir='ltr'>ratione</span> <span class='ocrx_word' id='word_1_29' title='bbox 1138 676 1173 729; x_wconf 92' lang='lat' dir='ltr'>et</span> 
     </span>
     <span class='ocr_line' id='line_1_5' title="bbox 202 773 1173 857; baseline -0.005 -17"><span class='ocrx_word' id='word_1_30' title='bbox 202 774 311 840; x_wconf 80' lang='lat' dir='ltr'>lorma</span> <span class='ocrx_word' id='word_1_31' title='bbox 334 796 410 857; x_wconf 90' lang='lat' dir='ltr'>quae</span> <span class='ocrx_word' id='word_1_32' title='bbox 434 774 621 850; x_wconf 84' lang='lat' dir='ltr'>intenditur,</span> <span class='ocrx_word' id='word_1_33' title='bbox 650 776 833 838; x_wconf 90' lang='lat' dir='ltr'>secundum</span> <span class='ocrx_word' id='word_1_34' title='bbox 857 794 892 837; x_wconf 89' lang='lat' dir='ltr'>se</span> <span class='ocrx_word' id='word_1_35' title='bbox 921 773 1033 855; x_wconf 86' lang='lat' dir='ltr'>recipit</span> <span class='ocrx_word' id='word_1_36' title='bbox 1066 773 1173 856; x_wconf 86' lang='lat' dir='ltr'>magis</span> 
     </span>
     <span class='ocr_line' id='line_1_6' title="bbox 200 881 1173 963; baseline -0.004 -18"><span class='ocrx_word' id='word_1_37' title='bbox 200 892 239 946; x_wconf 87' lang='lat' dir='ltr'>et</span> <span class='ocrx_word' id='word_1_38' title='bbox 267 883 383 945; x_wconf 90' lang='lat' dir='ltr'>minus.</span> <span class='ocrx_word' id='word_1_39' title='bbox 417 881 451 946; x_wconf 90' lang='lat' dir='ltr'>Si</span> <span class='ocrx_word' id='word_1_40' title='bbox 482 902 559 944; x_wconf 91' lang='lat' dir='ltr'>vero</span> <span class='ocrx_word' id='word_1_41' title='bbox 590 892 638 945; x_wconf 89' lang='lat' dir='ltr'>est</span> <span class='ocrx_word' id='word_1_42' title='bbox 669 881 775 945; x_wconf 83' lang='lat' dir='ltr'>forma</span> <span class='ocrx_word' id='word_1_43' title='bbox 806 881 958 954; x_wconf 76' lang='lat' dir='ltr'>relativa,</span> <span class='ocrx_word' id='word_1_44' title='bbox 991 889 1173 963; x_wconf 88' lang='lat' dir='ltr'>sequuntur</span> 
     </span>
     <span class='ocr_line' id='line_1_7' title="bbox 202 986 1173 1071; baseline -0.001 -20"><span class='ocrx_word' id='word_1_45' title='bbox 202 990 273 1051; x_wconf 90' lang='lat' dir='ltr'>duo</span> <span class='ocrx_word' id='word_1_46' title='bbox 297 988 574 1067; x_wconf 89' lang='lat' dir='ltr'>inconvenientia;</span> <span class='ocrx_word' id='word_1_47' title='bbox 593 990 742 1070; x_wconf 86' lang='lat' dir='ltr'>primum</span> <span class='ocrx_word' id='word_1_48' title='bbox 774 988 865 1071; x_wconf 92' lang='lat' dir='ltr'>quod</span> <span class='ocrx_word' id='word_1_49' title='bbox 895 986 1007 1050; x_wconf 91' lang='lat' dir='ltr'>relatio</span> <span class='ocrx_word' id='word_1_50' title='bbox 1038 986 1173 1069; x_wconf 89' lang='lat' dir='ltr'>recipiet</span> 
     </span>
     <span class='ocr_line' id='line_1_8' title="bbox 204 1093 1171 1179; baseline -0.002 -21"><span class='ocrx_word' id='word_1_51' title='bbox 204 1095 312 1178; x_wconf 86' lang='lat' dir='ltr'>magis</span> <span class='ocrx_word' id='word_1_52' title='bbox 334 1104 368 1158; x_wconf 90' lang='lat' dir='ltr'>et</span> <span class='ocrx_word' id='word_1_53' title='bbox 391 1094 508 1171; x_wconf 89' lang='lat' dir='ltr'>minus,</span> <span class='ocrx_word' id='word_1_54' title='bbox 537 1097 628 1179; x_wconf 91' lang='lat' dir='ltr'>quod</span> <span class='ocrx_word' id='word_1_55' title='bbox 651 1106 700 1159; x_wconf 92' lang='lat' dir='ltr'>est</span> <span class='ocrx_word' id='word_1_56' title='bbox 730 1105 844 1158; x_wconf 91' lang='lat' dir='ltr'>contra</span> <span class='ocrx_word' id='word_1_57' title='bbox 874 1093 1110 1176; x_wconf 88' lang='lat' dir='ltr'>Philosophum</span> <span class='ocrx_word' id='word_1_58' title='bbox 1135 1094 1171 1157; x_wconf 88' lang='lat' dir='ltr'>in</span> 
     </span>
     <span class='ocr_line' id='line_1_9' title="bbox 206 1200 1173 1284; baseline -0.003 -19"><span class='ocrx_word' id='word_1_59' title='bbox 206 1202 429 1276; x_wconf 80' lang='lat' dir='ltr'>Proedicam.,·</span> <span class='ocrx_word' id='word_1_60' title='bbox 452 1204 627 1266; x_wconf 82' lang='lat' dir='ltr'>secundum</span> <span class='ocrx_word' id='word_1_61' title='bbox 658 1203 820 1284; x_wconf 86' lang='lat' dir='ltr'>estquod</span> <span class='ocrx_word' id='word_1_62' title='bbox 852 1201 964 1264; x_wconf 91' lang='lat' dir='ltr'>relatio</span> <span class='ocrx_word' id='word_1_63' title='bbox 994 1210 1043 1264; x_wconf 92' lang='lat' dir='ltr'>est</span> <span class='ocrx_word' id='word_1_64' title='bbox 1065 1200 1173 1263; x_wconf 91' lang='lat' dir='ltr'>termi-</span> 
     </span>
     <span class='ocr_line' id='line_1_10' title="bbox 203 1307 1173 1395; baseline -0.001 -24"><span class='ocrx_word' id='word_1_65' title='bbox 203 1330 268 1371; x_wconf 90' lang='lat' dir='ltr'>nus</span> <span class='ocrx_word' id='word_1_66' title='bbox 293 1318 411 1395; x_wconf 79' lang='lat' dir='ltr'>motus,</span> <span class='ocrx_word' id='word_1_67' title='bbox 436 1310 527 1391; x_wconf 92' lang='lat' dir='ltr'>quod</span> <span class='ocrx_word' id='word_1_68' title='bbox 558 1318 606 1372; x_wconf 92' lang='lat' dir='ltr'>est</span> <span class='ocrx_word' id='word_1_69' title='bbox 636 1318 750 1371; x_wconf 88' lang='lat' dir='ltr'>contra</span> <span class='ocrx_word' id='word_1_70' title='bbox 780 1307 1019 1390; x_wconf 89' lang='lat' dir='ltr'>Philosophum</span> <span class='ocrx_word' id='word_1_71' title='bbox 1041 1318 1109 1389; x_wconf 75' lang='lat' dir='ltr'>cap.</span> <span class='ocrx_word' id='word_1_72' title='bbox 1132 1308 1173 1370; x_wconf 84' lang='lat' dir='ltr'>de</span> 
     </span>
     <span class='ocr_line' id='line_1_11' title="bbox 201 1416 366 1479; baseline 0 -1"><span class='ocrx_word' id='word_1_73' title='bbox 201 1416 366 1479; x_wconf 77' lang='lat' dir='ltr'>relativis.</span> 
     </span>
    </p>

    <p class='ocr_par' dir='ltr' id='par_1_3' title="bbox 200 1520 1174 2225">
     <span class='ocr_line' id='line_1_12' title="bbox 273 1520 1170 1606; baseline -0.002 -21"><span class='ocrx_word' id='word_1_74' title='bbox 273 1524 332 1586; x_wconf 77' lang='lat' dir='ltr'>Ad</span> <span class='ocrx_word' id='word_1_75' title='bbox 351 1533 547 1606; x_wconf 84' lang='lat' dir='ltr'>argumenta</span> <span class='ocrx_word' id='word_1_76' title='bbox 570 1522 653 1584; x_wconf 91' lang='lat' dir='ltr'>illius</span> <span class='ocrx_word' id='word_1_77' title='bbox 669 1521 840 1604; x_wconf 90' lang='lat' dir='ltr'>opinionis.</span> <span class='ocrx_word' id='word_1_78' title='bbox 864 1522 923 1585; x_wconf 76' lang='lat' dir='ltr'>Ad</span> <span class='ocrx_word' id='word_1_79' title='bbox 930 1520 1079 1603; x_wconf 73' lang='lat' dir='ltr'>primum</span> <span class='ocrx_word' id='word_1_80' title='bbox 1092 1540 1170 1583; x_wconf 91' lang='lat' dir='ltr'>cum</span> 
     </span>
     <span class='ocr_line' id='line_1_13' title="bbox 205 1627 1174 1711; baseline -0.002 -19"><span class='ocrx_word' id='word_1_81' title='bbox 205 1630 324 1693; x_wconf 92' lang='lat' dir='ltr'>dicitur</span> <span class='ocrx_word' id='word_1_82' title='bbox 347 1630 436 1711; x_wconf 91' lang='lat' dir='ltr'>quod</span> <span class='ocrx_word' id='word_1_83' title='bbox 460 1628 566 1691; x_wconf 89' lang='lat' dir='ltr'>forma</span> <span class='ocrx_word' id='word_1_84' title='bbox 597 1627 744 1691; x_wconf 86' lang='lat' dir='ltr'>consistit</span> <span class='ocrx_word' id='word_1_85' title='bbox 774 1628 806 1691; x_wconf 94' lang='lat' dir='ltr'>in</span> <span class='ocrx_word' id='word_1_86' title='bbox 838 1627 1030 1702; x_wconf 91' lang='lat' dir='ltr'>indivisibili,</span> <span class='ocrx_word' id='word_1_87' title='bbox 1060 1638 1093 1690; x_wconf 92' lang='lat' dir='ltr'>et</span> <span class='ocrx_word' id='word_1_88' title='bbox 1124 1627 1174 1690; x_wconf 84' lang='lat' dir='ltr'>ad</span> 
     </span>
     <span class='ocr_line' id='line_1_14' title="bbox 200 1734 1172 1817; baseline -0.004 -18"><span class='ocrx_word' id='word_1_89' title='bbox 200 1737 381 1799; x_wconf 80' lang='lat' dir='ltr'>secundum</span> <span class='ocrx_word' id='word_1_90' title='bbox 415 1736 504 1817; x_wconf 92' lang='lat' dir='ltr'>quod</span> <span class='ocrx_word' id='word_1_91' title='bbox 546 1734 651 1797; x_wconf 83' lang='lat' dir='ltr'>forma</span> <span class='ocrx_word' id='word_1_92' title='bbox 685 1744 734 1797; x_wconf 89' lang='lat' dir='ltr'>est</span> <span class='ocrx_word' id='word_1_93' title='bbox 773 1735 923 1817; x_wconf 86' lang='lat' dir='ltr'>simplex,</span> <span class='ocrx_word' id='word_1_94' title='bbox 964 1735 1172 1815; x_wconf 78' lang='lat' dir='ltr'>respondetur</span> 
     </span>
     <span class='ocr_line' id='line_1_15' title="bbox 206 1839 1172 1923; baseline -0.003 -18"><span class='ocrx_word' id='word_1_95' title='bbox 206 1843 323 1905; x_wconf 88' lang='lat' dir='ltr'>eodem</span> <span class='ocrx_word' id='word_1_96' title='bbox 348 1842 466 1919; x_wconf 90' lang='lat' dir='ltr'>modo;</span> <span class='ocrx_word' id='word_1_97' title='bbox 492 1862 568 1904; x_wconf 88' lang='lat' dir='ltr'>nam</span> <span class='ocrx_word' id='word_1_98' title='bbox 592 1840 699 1903; x_wconf 86' lang='lat' dir='ltr'>forma</span> <span class='ocrx_word' id='word_1_99' title='bbox 722 1850 771 1904; x_wconf 89' lang='lat' dir='ltr'>est</span> <span class='ocrx_word' id='word_1_100' title='bbox 794 1841 943 1923; x_wconf 89' lang='lat' dir='ltr'>simplex,</span> <span class='ocrx_word' id='word_1_101' title='bbox 966 1850 1002 1904; x_wconf 93' lang='lat' dir='ltr'>ut</span> <span class='ocrx_word' id='word_1_102' title='bbox 1024 1839 1172 1903; x_wconf 90' lang='lat' dir='ltr'>excludit</span> 
     </span>
     <span class='ocr_line' id='line_1_16' title="bbox 203 1948 1170 2031; baseline -0.002 -20"><span class='ocrx_word' id='word_1_103' title='bbox 203 1948 480 2031; x_wconf 86' lang='lat' dir='ltr'>compositionem</span> <span class='ocrx_word' id='word_1_104' title='bbox 505 1948 646 2029; x_wconf 87' lang='lat' dir='ltr'>partium</span> <span class='ocrx_word' id='word_1_105' title='bbox 672 1948 980 2031; x_wconf 87' lang='lat' dir='ltr'>quantitativarum;</span> <span class='ocrx_word' id='word_1_106' title='bbox 1013 1948 1069 2010; x_wconf 87' lang='lat' dir='ltr'>sed</span> <span class='ocrx_word' id='word_1_107' title='bbox 1093 1967 1170 2009; x_wconf 91' lang='lat' dir='ltr'>cum</span> 
     </span>
     <span class='ocr_line' id='line_1_17' title="bbox 207 2054 1172 2137; baseline 0 -21"><span class='ocrx_word' id='word_1_108' title='bbox 207 2054 260 2117; x_wconf 91' lang='lat' dir='ltr'>illa</span> <span class='ocrx_word' id='word_1_109' title='bbox 283 2054 488 2137; x_wconf 89' lang='lat' dir='ltr'>simplicitate</span> <span class='ocrx_word' id='word_1_110' title='bbox 504 2064 612 2137; x_wconf 90' lang='lat' dir='ltr'>potest</span> <span class='ocrx_word' id='word_1_111' title='bbox 635 2065 720 2119; x_wconf 89' lang='lat' dir='ltr'>stare</span> <span class='ocrx_word' id='word_1_112' title='bbox 736 2056 813 2118; x_wconf 90' lang='lat' dir='ltr'>unio</span> <span class='ocrx_word' id='word_1_113' title='bbox 838 2056 990 2137; x_wconf 89' lang='lat' dir='ltr'>partium,</span> <span class='ocrx_word' id='word_1_114' title='bbox 1014 2055 1081 2118; x_wconf 92' lang='lat' dir='ltr'>sive</span> <span class='ocrx_word' id='word_1_115' title='bbox 1097 2075 1172 2137; x_wconf 86' lang='lat' dir='ltr'>gra-</span> 
     </span>
     <span class='ocr_line' id='line_1_18' title="bbox 203 2161 531 2225; baseline -0.009 0"><span class='ocrx_word' id='word_1_116' title='bbox 203 2163 311 2225; x_wconf 88' lang='lat' dir='ltr'>duum</span> <span class='ocrx_word' id='word_1_117' title='bbox 335 2161 531 2224; x_wconf 90' lang='lat' dir='ltr'>virtualium.</span> 
     </span>
    </p>

    <p class='ocr_par' dir='ltr' id='par_1_4' title="bbox 203 2267 1173 2555">
     <span class='ocr_line' id='line_1_19' title="bbox 274 2267 1172 2352; baseline -0.002 -21"><span class='ocrx_word' id='word_1_118' title='bbox 274 2270 333 2333; x_wconf 76' lang='lat' dir='ltr'>Ad</span> <span class='ocrx_word' id='word_1_119' title='bbox 353 2269 483 2332; x_wconf 78' lang='lat' dir='ltr'>tertium</span> <span class='ocrx_word' id='word_1_120' title='bbox 508 2268 624 2332; x_wconf 90' lang='lat' dir='ltr'>dicitur</span> <span class='ocrx_word' id='word_1_121' title='bbox 648 2270 738 2352; x_wconf 91' lang='lat' dir='ltr'>quod</span> <span class='ocrx_word' id='word_1_122' title='bbox 770 2269 948 2352; x_wconf 88' lang='lat' dir='ltr'>propositio</span> <span class='ocrx_word' id='word_1_123' title='bbox 981 2267 1172 2349; x_wconf 91' lang='lat' dir='ltr'>Philosophi</span> 
     </span>
     <span class='ocr_line' id='line_1_20' title="bbox 205 2374 1173 2456; baseline -0.002 -17"><span class='ocrx_word' id='word_1_124' title='bbox 205 2386 298 2439; x_wconf 89' lang='lat' dir='ltr'>tenet</span> <span class='ocrx_word' id='word_1_125' title='bbox 321 2377 362 2439; x_wconf 91' lang='lat' dir='ltr'>de</span> <span class='ocrx_word' id='word_1_126' title='bbox 385 2374 497 2437; x_wconf 86' lang='lat' dir='ltr'>formis</span> <span class='ocrx_word' id='word_1_127' title='bbox 525 2375 792 2439; x_wconf 84' lang='lat' dir='ltr'>substantialibus</span> <span class='ocrx_word' id='word_1_128' title='bbox 821 2386 855 2438; x_wconf 90' lang='lat' dir='ltr'>et</span> <span class='ocrx_word' id='word_1_129' title='bbox 885 2375 1072 2438; x_wconf 77' lang='lat' dir='ltr'>difierentiis</span> <span class='ocrx_word' id='word_1_130' title='bbox 1102 2394 1173 2456; x_wconf 76' lang='lat' dir='ltr'>spe</span> 
     </span>
     <span class='ocr_line' id='line_1_21' title="bbox 203 2480 1031 2555; baseline 0 -12"><span class='ocrx_word' id='word_1_131' title='bbox 203 2480 316 2555; x_wconf 83' lang='lat' dir='ltr'>cilicis,</span> <span class='ocrx_word' id='word_1_132' title='bbox 342 2503 408 2546; x_wconf 92' lang='lat' dir='ltr'>non</span> <span class='ocrx_word' id='word_1_133' title='bbox 432 2490 544 2545; x_wconf 86' lang='lat' dir='ltr'>autern</span> <span class='ocrx_word' id='word_1_134' title='bbox 568 2484 609 2545; x_wconf 91' lang='lat' dir='ltr'>de</span> <span class='ocrx_word' id='word_1_135' title='bbox 633 2482 746 2545; x_wconf 84' lang='lat' dir='ltr'>formis</span> <span class='ocrx_word' id='word_1_136' title='bbox 769 2482 1031 2545; x_wconf 89' lang='lat' dir='ltr'>accidentalibus.</span> 
     </span>
    </p>

    <p class='ocr_par' dir='ltr' id='par_1_5' title="bbox 209 2590 1174 2973">
     <span class='ocr_line' id='line_1_22' title="bbox 276 2590 1173 2672; baseline 0 -22"><span class='ocrx_word' id='word_1_137' title='bbox 276 2590 335 2653; x_wconf 78' lang='lat' dir='ltr'>Ad</span> <span class='ocrx_word' id='word_1_138' title='bbox 354 2601 509 2672; x_wconf 81' lang='lat' dir='ltr'>quartum</span> <span class='ocrx_word' id='word_1_139' title='bbox 533 2590 607 2653; x_wconf 91' lang='lat' dir='ltr'>dico</span> <span class='ocrx_word' id='word_1_140' title='bbox 636 2590 726 2671; x_wconf 91' lang='lat' dir='ltr'>quod</span> <span class='ocrx_word' id='word_1_141' title='bbox 757 2598 989 2671; x_wconf 85' lang='lat' dir='ltr'>argumentum</span> <span class='ocrx_word' id='word_1_142' title='bbox 1022 2608 1087 2650; x_wconf 92' lang='lat' dir='ltr'>non</span> <span class='ocrx_word' id='word_1_143' title='bbox 1115 2609 1173 2650; x_wconf 88' lang='lat' dir='ltr'>va-</span> 
     </span>
     <span class='ocr_line' id='line_1_23' title="bbox 209 2694 1174 2779; baseline -0.003 -20"><span class='ocrx_word' id='word_1_144' title='bbox 209 2698 269 2771; x_wconf 91' lang='lat' dir='ltr'>let;</span> <span class='ocrx_word' id='word_1_145' title='bbox 294 2717 370 2759; x_wconf 90' lang='lat' dir='ltr'>nam</span> <span class='ocrx_word' id='word_1_146' title='bbox 394 2699 470 2760; x_wconf 85' lang='lat' dir='ltr'>duae</span> <span class='ocrx_word' id='word_1_147' title='bbox 496 2706 599 2779; x_wconf 85' lang='lat' dir='ltr'>guttae</span> <span class='ocrx_word' id='word_1_148' title='bbox 624 2718 720 2779; x_wconf 84' lang='lat' dir='ltr'>aquae</span> <span class='ocrx_word' id='word_1_149' title='bbox 736 2706 812 2758; x_wconf 90' lang='lat' dir='ltr'>ante</span> <span class='ocrx_word' id='word_1_150' title='bbox 836 2695 989 2758; x_wconf 90' lang='lat' dir='ltr'>unionem</span> <span class='ocrx_word' id='word_1_151' title='bbox 1015 2694 1174 2777; x_wconf 86' lang='lat' dir='ltr'>distingu-</span> 
     </span>
     <span class='ocr_line' id='line_1_24' title="bbox 210 2802 1174 2883; baseline 0 -19"><span class='ocrx_word' id='word_1_152' title='bbox 210 2812 307 2865; x_wconf 90' lang='lat' dir='ltr'>untur</span> <span class='ocrx_word' id='word_1_153' title='bbox 332 2824 478 2877; x_wconf 90' lang='lat' dir='ltr'>numer0,</span> <span class='ocrx_word' id='word_1_154' title='bbox 503 2813 535 2865; x_wconf 91' lang='lat' dir='ltr'>et</span> <span class='ocrx_word' id='word_1_155' title='bbox 558 2813 668 2866; x_wconf 89' lang='lat' dir='ltr'>tamen</span> <span class='ocrx_word' id='word_1_156' title='bbox 692 2823 769 2865; x_wconf 91' lang='lat' dir='ltr'>cum</span> <span class='ocrx_word' id='word_1_157' title='bbox 790 2802 1035 2883; x_wconf 84' lang='lat' dir='ltr'>conjunguntur</span> <span class='ocrx_word' id='word_1_158' title='bbox 1055 2822 1174 2864; x_wconf 88' lang='lat' dir='ltr'>conve·</span> 
     </span>
     <span class='ocr_line' id='line_1_25' title="bbox 209 2909 741 2973; baseline 0 -2"><span class='ocrx_word' id='word_1_159' title='bbox 209 2909 303 2972; x_wconf 89' lang='lat' dir='ltr'>niunt</span> <span class='ocrx_word' id='word_1_160' title='bbox 326 2910 357 2971; x_wconf 91' lang='lat' dir='ltr'>in</span> <span class='ocrx_word' id='word_1_161' title='bbox 382 2910 549 2973; x_wconf 86' lang='lat' dir='ltr'>identitate</span> <span class='ocrx_word' id='word_1_162' title='bbox 573 2910 741 2972; x_wconf 89' lang='lat' dir='ltr'>numerali.</span> 
     </span>
    </p>

    <p class='ocr_par' dir='ltr' id='par_1_6' title="bbox 204 3011 1174 3719">
     <span class='ocr_line' id='line_1_26' title="bbox 277 3011 1173 3102; baseline -0.006 -20"><span class='ocrx_word' id='word_1_163' title='bbox 277 3013 367 3082; x_wconf 78' lang='lat' dir='ltr'>Alia</span> <span class='ocrx_word' id='word_1_164' title='bbox 390 3015 519 3101; x_wconf 74' lang='lat' dir='ltr'>Opinio</span> <span class='ocrx_word' id='word_1_165' title='bbox 541 3018 599 3082; x_wconf 84' lang='lat' dir='ltr'>est</span> <span class='ocrx_word' id='word_1_166' title='bbox 622 3011 826 3102; x_wconf 74' lang='lat' dir='ltr'>Gothsredl&#39;,</span> <span class='ocrx_word' id='word_1_167' title='bbox 851 3016 941 3097; x_wconf 91' lang='lat' dir='ltr'>quod</span> <span class='ocrx_word' id='word_1_168' title='bbox 969 3014 1109 3077; x_wconf 86' lang='lat' dir='ltr'>charitas</span> <span class='ocrx_word' id='word_1_169' title='bbox 1139 3026 1173 3078; x_wconf 90' lang='lat' dir='ltr'>et</span> 
     </span>
     <span class='ocr_line' id='line_1_27' title="bbox 204 3121 1173 3204; baseline 0 -19"><span class='ocrx_word' id='word_1_170' title='bbox 204 3122 316 3185; x_wconf 90' lang='lat' dir='ltr'>omnis</span> <span class='ocrx_word' id='word_1_171' title='bbox 338 3121 444 3184; x_wconf 82' lang='lat' dir='ltr'>forma</span> <span class='ocrx_word' id='word_1_172' title='bbox 467 3123 673 3185; x_wconf 88' lang='lat' dir='ltr'>accidentalis</span> <span class='ocrx_word' id='word_1_173' title='bbox 689 3122 734 3184; x_wconf 93' lang='lat' dir='ltr'>sic</span> <span class='ocrx_word' id='word_1_174' title='bbox 757 3132 906 3204; x_wconf 84' lang='lat' dir='ltr'>augetur,</span> <span class='ocrx_word' id='word_1_175' title='bbox 931 3123 1020 3203; x_wconf 91' lang='lat' dir='ltr'>quod</span> <span class='ocrx_word' id='word_1_176' title='bbox 1036 3122 1173 3203; x_wconf 89' lang='lat' dir='ltr'>quando</span> 
     </span>
     <span class='ocr_line' id='line_1_28' title="bbox 210 3228 1173 3311; baseline -0.001 -20"><span class='ocrx_word' id='word_1_177' title='bbox 210 3229 314 3311; x_wconf 85' lang='lat' dir='ltr'>major</span> <span class='ocrx_word' id='word_1_178' title='bbox 330 3230 451 3311; x_wconf 84' lang='lat' dir='ltr'>gradus</span> <span class='ocrx_word' id='word_1_179' title='bbox 467 3228 631 3292; x_wconf 87' lang='lat' dir='ltr'>charitatis</span> <span class='ocrx_word' id='word_1_180' title='bbox 647 3229 697 3291; x_wconf 90' lang='lat' dir='ltr'>vel</span> <span class='ocrx_word' id='word_1_181' title='bbox 715 3230 878 3311; x_wconf 88' lang='lat' dir='ltr'>qualitatis</span> <span class='ocrx_word' id='word_1_182' title='bbox 894 3229 1080 3310; x_wconf 90' lang='lat' dir='ltr'>acquiritur,</span> <span class='ocrx_word' id='word_1_183' title='bbox 1103 3248 1173 3291; x_wconf 88' lang='lat' dir='ltr'>rea·</span> 
     </span>
     <span class='ocr_line' id='line_1_29' title="bbox 210 3334 1173 3418; baseline -0.002 -19"><span class='ocrx_word' id='word_1_184' title='bbox 210 3338 280 3399; x_wconf 87' lang='lat' dir='ltr'>litas</span> <span class='ocrx_word' id='word_1_185' title='bbox 304 3338 492 3418; x_wconf 85' lang='lat' dir='ltr'>praecedcns</span> <span class='ocrx_word' id='word_1_186' title='bbox 514 3337 656 3399; x_wconf 91' lang='lat' dir='ltr'>totaliter</span> <span class='ocrx_word' id='word_1_187' title='bbox 680 3336 901 3418; x_wconf 85' lang='lat' dir='ltr'>corrumpitur</span> <span class='ocrx_word' id='word_1_188' title='bbox 931 3344 963 3398; x_wconf 91' lang='lat' dir='ltr'>et</span> <span class='ocrx_word' id='word_1_189' title='bbox 995 3334 1099 3398; x_wconf 86' lang='lat' dir='ltr'>forma</span> <span class='ocrx_word' id='word_1_190' title='bbox 1122 3356 1173 3398; x_wconf 88' lang='lat' dir='ltr'>sc-</span> 
     </span>
     <span class='ocr_line' id='line_1_30' title="bbox 206 3440 1173 3525; baseline -0.001 -20"><span class='ocrx_word' id='word_1_191' title='bbox 206 3464 312 3525; x_wconf 87' lang='lat' dir='ltr'>quens</span> <span class='ocrx_word' id='word_1_192' title='bbox 335 3444 479 3506; x_wconf 86' lang='lat' dir='ltr'>continet</span> <span class='ocrx_word' id='word_1_193' title='bbox 503 3444 741 3525; x_wconf 78' lang='lat' dir='ltr'>praecedentem</span> <span class='ocrx_word' id='word_1_194' title='bbox 773 3443 806 3505; x_wconf 91' lang='lat' dir='ltr'>in</span> <span class='ocrx_word' id='word_1_195' title='bbox 829 3442 958 3506; x_wconf 91' lang='lat' dir='ltr'>virtute.</span> <span class='ocrx_word' id='word_1_196' title='bbox 991 3440 1089 3523; x_wconf 86' lang='lat' dir='ltr'>Quod</span> <span class='ocrx_word' id='word_1_197' title='bbox 1113 3464 1173 3505; x_wconf 87' lang='lat' dir='ltr'>au·</span> 
     </span>
     <span class='ocr_line' id='line_1_31' title="bbox 208 3550 1174 3632; baseline 0 -20"><span class='ocrx_word' id='word_1_198' title='bbox 208 3559 276 3612; x_wconf 92' lang='lat' dir='ltr'>tem</span> <span class='ocrx_word' id='word_1_199' title='bbox 301 3550 428 3613; x_wconf 90' lang='lat' dir='ltr'>realitas</span> <span class='ocrx_word' id='word_1_200' title='bbox 452 3551 639 3632; x_wconf 75' lang='lat' dir='ltr'>praecedens</span> <span class='ocrx_word' id='word_1_201' title='bbox 661 3550 803 3612; x_wconf 87' lang='lat' dir='ltr'>totaliter</span> <span class='ocrx_word' id='word_1_202' title='bbox 826 3558 1064 3631; x_wconf 89' lang='lat' dir='ltr'>corrumpatur,</span> <span class='ocrx_word' id='word_1_203' title='bbox 1096 3570 1174 3631; x_wconf 93' lang='lat' dir='ltr'>pro-</span> 
     </span>
     <span class='ocr_line' id='line_1_32' title="bbox 207 3656 315 3719; baseline 0 0"><span class='ocrx_word' id='word_1_204' title='bbox 207 3656 315 3719; x_wconf 89' lang='lat' dir='ltr'>batur.</span> 
     </span>
    </p>
   </div>
   <div class='ocr_carea' id='block_1_3' title="bbox 0 0 1346 4209">
    <p class='ocr_par' dir='ltr' id='par_1_7' title="bbox 0 0 1346 4209">
     <span class='ocr_line' id='line_1_33' title="bbox 0 0 1346 4209; baseline 0 0"><span class='ocrx_word' id='word_1_205' title='bbox 0 0 1346 4209; x_wconf 95' lang='lat' dir='ltr'> </span> 
     </span>
    </p>
   </div>
  </div>
 </body>
</html>
