2684 4209
224 289 289 353 234
478 274 552 337 Lm.
578 273 593 336 Ι
617 272 912 338 Savaavrinnvn

265 479 347 542 Item
393 488 483 561 patet
513 500 570 561 per
602 478 831 562 Augustinum
862 476 894 540 6.
923 477 964 540 de
1001 478 1091 540 Trin.
1122 478 1168 541 In·

198 585 248 648 his
271 605 347 668 quae
371 605 437 648 non
468 594 545 649 sunt
577 586 662 649 mole
694 605 824 668 magna,
856 584 943 647 idern
967 594 1016 647 est
1047 584 1172 647 melius

197 713 275 767 esse,
299 701 332 756 et
354 692 444 774 quod
469 692 575 774 majus
598 712 684 768 esse;
708 692 848 755 seduna
870 689 1010 755 charitas
1031 699 1081 753 est
1097 711 1172 753 me-

199 798 257 862 lior
281 798 360 875 alia;
383 820 472 881 ergo.

265 907 346 969 Item
370 906 471 980 tertio,
497 905 670 988 praemium
695 906 926 988 correspondet
948 904 1160 969 habituicha-

199 1012 317 1089 ritatis;
342 1013 398 1075 sed
422 1013 596 1095 praemium
621 1012 717 1075 unius
739 1021 789 1076 est
819 1014 925 1095 majus
958 1012 1094 1094 praemio
1117 1012 1163 1075 al-

198 1119 312 1195 terius;
336 1139 416 1201 ergo
439 1128 472 1181 et
494 1118 634 1182 charitas
662 1119 758 1182 unius
780 1120 840 1182 erit
871 1119 975 1201 major
1005 1118 1173 1182 charitate·

197 1226 337 1300 alterius,
361 1235 394 1288 et
417 1246 475 1308 per
497 1246 699 1307 consequens
722 1234 870 1317 augetur.

265 1332 346 1396 Item
369 1343 494 1414 quarta,
511 1334 589 1415 quia
611 1353 668 1414 per
685 1331 877 1395 charitatem
900 1342 949 1396 est
964 1333 1066 1395 homo
1087 1332 1172 1395 Deo·

199 1449 310 1523 gratus
326 1448 359 1502 et
370 1460 464 1502 carus
473 1462 481 1518 ;
497 1439 554 1503 sed
571 1460 655 1503 unus
670 1448 720 1502 est
736 1439 841 1523 magis
856 1461 950 1503 carus
970 1440 1044 1503 Deo
1059 1459 1161 1522 quam

197 1546 288 1622 alius,
320 1546 403 1609 sicut
426 1545 574 1610 Christus
597 1555 647 1609 est
670 1546 775 1629 magis
798 1567 892 1609 carus
915 1546 989 1609 Deo
1019 1567 1173 1628 quocun·-

198 1674 262 1735 que
285 1653 365 1729 allo;
389 1674 469 1735 ergo
491 1663 541 1716 est
564 1653 668 1734 major
691 1652 831 1717 charitas
853 1654 887 1717 in
909 1674 960 1728 eo,
983 1663 1016 1716 et
1037 1654 1083 1716 sic
1105 1674 1171 1715 au-

199 1767 293 1842 getur
317 1758 465 1821 charitas.

266 1954 330 2022 De
344 1955 536 2021 secundo
558 1954 759 2022 Articulo
774 1965 850 2019 sunt
873 1956 1052 2038 opiniones.
1075 1951 1172 2024 Una·

197 2070 247 2125 est
269 2061 409 2124 Thomae
432 2082 508 2143 quae
532 2062 626 2145 ponit
655 2063 737 2126 duas
768 2063 1010 2127 Conclusiones
1041 2063 1164 2126 Prima

197 2170 287 2251 quod
311 2189 371 2231 nec
394 2167 533 2231 charitas
556 2189 615 2232 nec
631 2170 740 2252 aliqua
762 2168 867 2232 forma
890 2170 1098 2233 accidentalis
1113 2189 1172 2231 se·-

198 2276 343 2338 cundum
367 2296 401 2337 se
425 2274 538 2356 recipit
561 2276 666 2359 magis
689 2285 723 2339 et
750 2276 867 2340 minus.
902 2274 1053 2339 Secunda
1084 2273 1173 2339 Con--

197 2382 308 2457 clusio,
344 2378 435 2464 quod
469 2391 608 2465 augetur
643 2392 676 2445 et
714 2382 826 2465 recipit
857 2381 962 2464 magis
991 2391 1025 2445 et
1056 2380 1166 2444 minus

199 2497 332 2571 propter
356 2488 512 2569 majorem
536 2495 569 2550 et
593 2488 752 2552 minorem
770 2488 1014 2571 dispositionem
1037 2487 1070 2550 in
1090 2486 1173 2549 sub-

195 2594 295 2677 jecto.

264 2701 385 2764 Prima
413 2698 579 2765 Conclusio
603 2702 771 2783 probatur,
788 2710 859 2764 tum
876 2701 953 2784 quia
969 2699 1073 2763 forma
1088 2720 1173 2761 con*

198 2808 279 2871 sistit
303 2808 335 2870 in
359 2807 541 2871 indivisibili
569 2816 602 2871 et
624 2808 802 2872 invariabili
825 2808 976 2884 essentia;
996 2818 1065 2870 tum
1085 2806 1165 2888 quia

199 2914 304 2979 lorma
338 2924 386 2978 est
421 2916 453 2979 in
488 2915 625 2998 simplici
652 2924 686 2979 et
712 2915 889 2979 invariabili
921 2914 1058 2978 essentia
1087 2933 1164 2976 con·

198 3031 313 3095 sistens
328 3051 386 3113 per
401 3039 568 3094 auctorem
585 3029 616 3093 6.
634 3023 903 3105 Principior'um,·
920 3033 989 3085 tum
1010 3019 1086 3102 quia
1102 3018 1166 3081 sor-

200 3159 263 3201 mae
288 3137 477 3219 hujusmodi
501 3136 623 3200 habent
645 3155 680 3198 se
703 3130 786 3194 sicut
809 3128 934 3192 numeri
945 3126 979 3191 8.
996 3124 1171 3224 Metaplt.3-

198 3253 267 3308 tum
291 3244 368 3327 quia
391 3244 473 3307 inter
497 3244 638 3326 gradum
662 3239 777 3305 sormae
802 3236 1051 3317 praecedentem,
1074 3241 1109 3295 et
1130 3232 1170 3294 il·

198 3352 267 3413 lum
291 3351 347 3432 qui
370 3350 430 3414 sibi
454 3350 627 3413 adderetur
651 3350 739 3414 nulla
762 3360 870 3434 potest
896 3370 965 3414 esse
987 3347 1171 3424 distinctim.

197 3461 275 3542 quia
298 3460 573 3543 distinguerentur
595 3457 696 3541 specie
718 3459 769 3521 vel
794 3478 943 3531 numera·
967 3475 1033 3519 non
1054 3454 1172 3538 primo·

200 3567 310 3641 mod0‚
334 3567 411 3648 quia
434 3575 513 3630 tunc
536 3564 627 3629 fieret
649 3564 874 3648 augmentatio
891 3584 947 3646 per
969 3561 1090 3644 aliquid
1118 3561 1173 3623 al-

199 3674 297 3737 terius
320 3673 462 3748 rationis;
486 3694 546 3735 nec
569 3672 715 3735 secundo
739 3671 849 3746 modo,
873 3668 950 3753 quia
964 3668 1015 3732 isti
1039 3667 1172 3750 gradus

198 3780 398 3844 conveniunt
421 3780 635 3862 postmodum
660 3778 693 3841 in
723 3777 892 3841 identitate
925 3773 1092 3839 numerali.
