2684 4209
246 270 312 332 214
515 252 589 314 Lm.
614 253 629 314 Ι
653 250 947 314 Summanum

219 460 367 537 secunde,
392 480 492 540 quare
504 457 743 539 appropriatur
759 456 893 538 Spiritui
917 456 1055 531 Sancto;
1079 456 1187 530 tertio,

222 565 248 627 si
271 566 433 648 processio
458 564 596 646 Spiritus
620 564 730 627 Sancti
762 564 889 645 passiva
912 572 961 624 est
984 562 1070 625 idem
1095 562 1193 625 reali—

222 681 271 735 ter
294 694 369 735 cum
395 672 548 734 relatione
571 670 780 733 constitutiva
804 670 942 751 Spiritus
974 668 1093 734 Sancti.

290 886 353 952 De
384 886 535 967 primo
569 886 642 947 dico
677 883 885 946 conformiter
921 882 970 945 his
996 904 1071 964 quae
1098 882 1188 945 dicta

223 1002 299 1055 sunt
322 1012 419 1074 supra
438 1010 473 1075 5.
497 1002 528 1054 et
550 1011 580 1074 9.
605 990 887 1063 Distinctiom'bus,
928 990 1004 1071 quia
1027 989 1188 1071 quemad-

224 1100 360 1161 modum
393 1099 557 1180 generatio
593 1118 657 1160 non
683 1098 814 1179 ponitur
849 1097 881 1158 in
905 1096 1020 1158 divinis
1051 1095 1111 1158 sub
1140 1117 1191 1157 ra-

223 1204 311 1268 tione
335 1205 532 1278 mutationis
558 1205 633 1287 quia
658 1205 712 1266 illo
742 1204 843 1265 modo
870 1204 1004 1266 includit
1028 1202 1188 1285 potentia-

224 1310 363 1405 litatem,
382 1313 437 1373 sed
462 1312 522 1374 sub
547 1312 669 1374 ratione
693 1311 924 1392 productionis,
949 1310 993 1373 ita
1023 1309 1189 1392 processio

223 1417 255 1481 in
280 1418 395 1481 divinis
418 1419 479 1482 sub
503 1419 625 1481 ratione
653 1418 875 1499 productionis
898 1426 930 1479 et
965 1438 1030 1480 non
1055 1417 1116 1480 sub
1140 1439 1191 1478 ra-

197 1523 311 1621 ⁸tione
335 1526 531 1598 mutationis,
556 1526 632 1606 quia
656 1526 717 1587 isto
742 1525 841 1587 modo
864 1524 999 1587 includit
1029 1523 1192 1604 potentia—

224 1630 346 1694 litatem
370 1641 403 1693 et
427 1631 524 1694 habet
547 1630 826 1713 imperfectionem
850 1630 1024 1693 adnexam.

290 1844 355 1910 Be
377 1846 568 1911 secundo
603 1843 802 1910 Artioulo
836 1844 911 1906 dico
944 1844 1033 1925 quod
1061 1863 1189 1925 proces·

223 1950 270 2014 sio
293 1952 521 2033 appropriatur
544 1950 677 2032 Spiritui
701 1950 832 2033 Sanct0,
856 1951 933 2032 quia
959 1950 1066 2012 exitus
1089 1970 1109 2011 a
1131 1971 1191 2012 vo

223 2058 348 2121 luntate
372 2079 428 2139 per
445 2058 581 2119 modum
606 2058 726 2120 amoris
749 2067 798 2119 est
829 2058 1010 2139 processio;
1035 2058 1091 2118 sed
1115 2056 1189 2138 Spi-

223 2163 302 2226 ritus
326 2164 466 2237 Sanctus
493 2164 603 2227 exita
638 2166 806 2227 voluntate
841 2164 943 2226 Patris
966 2174 998 2225 et
1022 2163 1093 2225 Filii
1128 2183 1193 2243 per·

224 2271 360 2332 modum
385 2270 514 2345 amoris;
538 2291 617 2353 ergo
641 2271 700 2333 sibi
724 2271 909 2333 attribuitur
937 2270 1106 2351 processio.
1132 2269 1193 2332 Se·

223 2377 332 2439 cundo
356 2388 404 2439 est
428 2376 491 2439 hoc
514 2386 647 2459 propter
671 2378 839 2459 penuriam
856 2377 1037 2439 nominum:
1051 2376 1127 2457 quia
1157 2396 1191 2437 e·

224 2482 292 2545 nim
316 2484 488 2565 productio
512 2483 584 2546 Filii
607 2493 743 2546 vocatur
771 2483 945 2566 generatio,
969 2484 1044 2546 ideo
1073 2481 1115 2545 ad
1137 2482 1189 2544 di-

223 2589 429 2653 stinctionem
455 2590 546 2661 illius,
579 2590 751 2673 productio
787 2590 926 2672 Spiritus
960 2590 1070 2653 Sancti
1092 2610 1193 2652 voca-

223 2704 276 2759 tur
300 2696 471 2777 processio.

292 2910 356 2976 Be
391 2911 518 2976 terlio
535 2939 536 2942 ¹
553 2909 753 2976 Arte'culo
786 2922 863 2974 sunt
893 2910 1071 2993 opiniones.
1100 2904 1191 2977 Una

224 3015 302 3079 dicit
336 3018 425 3098 quod
460 3018 623 3099 processio
659 3017 786 3099 passiva
820 3018 1028 3100 distinguitur
1062 3017 1193 3079 realiter

224 3142 244 3185 a
259 3122 413 3185 relatione
429 3123 637 3186 constitutiva
665 3123 804 3205 Spiritus
821 3123 940 3197 Sancti,
956 3124 1046 3206 quod
1070 3122 1193 3205 probat

291 3229 407 3292 Primo
441 3230 502 3293 sic:
540 3230 725 3293 Relationes
759 3251 899 3312 quarum
934 3251 1000 3293 una
1029 3239 1078 3293 est
1100 3230 1193 3311 prior

224 3335 325 3398 altera
347 3337 504 3418 posterior
529 3358 594 3401 non
618 3346 695 3399 sunt
718 3338 804 3400 idem
822 3338 963 3413 realiter;
987 3338 1043 3400 sed
1060 3357 1193 3419 proces·

225 3440 273 3505 sio
297 3443 424 3523 passiva
446 3453 495 3505 est
519 3443 605 3524 prior
630 3444 784 3507 relatione
814 3444 1023 3507 constitutiva
1047 3442 1188 3525 Spiritus

227 3544 347 3624 Sancti,
372 3570 447 3612 cum
483 3550 524 3612 sit
558 3550 610 3613 via
644 3551 686 3612 ad
710 3550 833 3633 ipsam;
864 3572 944 3634 ergo
978 3550 1193 3633 distinguitur

226 3654 351 3720 realiter
374 3657 416 3720 ab
438 3676 486 3719 ea.
547 3684 556 3715 2
