2684 4209
268 337 455 401 Drsrutca.
480 339 660 403 XXXVIII
686 340 832 422 Qunsr.
857 343 888 405 II
1013 346 1076 424 387

127 545 203 607 idea
227 545 386 627 quidquid
411 555 630 626 repraesentat,
660 547 847 609 naturaliter
876 557 1098 630 repraesentat,

123 652 207 733 quia
229 661 304 714 ante
329 672 462 713 omnem
486 661 596 714 actum
621 653 814 733 voluntatis;
838 675 917 736 ergo
935 655 1096 737 quidquid

127 767 341 840 repraesentat
364 758 445 832 idea,
471 760 650 820 necessario
681 769 899 842 repraesentat.
924 798 968 809 —
1006 762 1098 825 Proe·

125 876 225 938 terea,
254 866 326 928 idea
350 874 560 946 repraesentat
583 874 659 928 ante
675 885 807 928 omnem
833 878 942 929 actum
982 869 1096 932 volun·

125 972 204 1033 tatis
227 973 302 1054 quia
326 982 536 1054 repraesentat
560 973 762 1048 naturaliter;
780 975 836 1035 sed
861 973 1007 1036 futurum
1021 996 1094 1038 con·

125 1080 258 1161 tingens
281 1079 513 1141 determinatur
537 1100 580 1141 ex
596 1081 779 1159 volu-ntate;
803 1101 883 1162 ergo
896 1101 961 1142 non
978 1102 1096 1164 reprae-

121 1195 274 1248 sentatur
298 1207 354 1268 per
378 1187 475 1248 ideas.
694 1180 702 1194 ⁶

200 1288 322 1359 Tertia
344 1290 475 1378 Opimi)
498 1293 576 1355 dicit
592 1294 683 1374 quod
698 1294 788 1355 Deus
801 1295 970 1376 cognoscit
987 1293 1096 1359 lutura

119 1399 349 1481 contingentia
364 1421 408 1462 ex
424 1420 463 1462 eo
481 1400 570 1481 quod
587 1401 755 1482 cognoscit
770 1421 967 1464 concursum
985 1423 1095 1464 causa-

124 1526 201 1567 rum
225 1507 439 1568 secundarum
465 1516 497 1568 et
521 1507 732 1586 naturalium;
757 1507 813 1568 sed
838 1507 900 1570 hoc
918 1528 983 1571 non
997 1509 1093 1584 valet,

119 1613 204 1694 quia
227 1613 286 1675 iste
308 1633 485 1675 concursus
508 1629 680 1675 causarum
703 1614 919 1676 secundarum
958 1625 1015 1678 aut
1043 1626 1092 1678 est

124 1721 335 1792 necessarius,
363 1729 420 1782 aut
435 1721 632 1802 contingens.
646 1719 679 1783 Si
689 1723 895 1795 necessarius,
908 1743 987 1803 ergo
1003 1722 1094 1784 effec-

123 1835 180 1888 tus
202 1827 309 1888 evenit
333 1827 525 1903 necessario;
550 1827 575 1889 si
603 1835 713 1889 autem
737 1837 786 1890 est
816 1829 1008 1910 contingens
1039 1849 1093 1890 ea·

122 1934 202 1995 dem
226 1934 397 1997 difficultas
419 1943 468 1996 est
493 1943 527 1996 ut
552 1934 649 2016 prius,
674 1935 751 2015 quia
766 1935 923 2016 quaeritur
936 1955 992 2016 per
1008 1936 1089 2017 quid

120 2041 332 2122 cognoscitur
357 2041 434 2103 illud
458 2041 660 2122 contingens,
686 2041 760 2122 quia
784 2051 840 2102 aut
864 2063 921 2122 per
952 2062 1088 2104 concur-

116 2169 198 2211 sum
221 2148 357 2210 aliarum
381 2168 553 2210 causarum
577 2169 596 2210 a
620 2169 663 2218 se,
687 2149 787 2212 etsie
822 2148 881 2210 erit
896 2133 900 2139 ’
916 2169 1091 2230 processus

123 2256 158 2317 in
181 2253 354 2328 infinitum,
379 2265 436 2317 aut
461 2276 516 2336 per
532 2275 566 2317 se
601 2255 797 2326 immediate,
822 2264 854 2316 et
892 2264 955 2316 stat
982 2255 1091 2337 prima

115 2362 307 2425 difficultas.

195 2465 343 2554 Quarta
365 2472 422 2536 est
443 2466 573 2554 opimo
596 2464 704 2552 Scotz‘,
729 2469 819 2550 quod
843 2469 1023 2531 intellectus
1046 2469 1090 2531 di-

121 2577 219 2639 vinus
242 2577 283 2639 ab
306 2586 430 2639 aeterno
453 2575 622 2657 cognoscit
649 2574 758 2639 futura
786 2575 1007 2657 contingentia
1038 2598 1090 2638 co·

117 2685 313 2766 gnoscendo
330 2683 633 2745 determinationem
654 2703 722 2744 suae
747 2682 932 2756 voluntatis
958 2683 1012 2744 ubi
1029 2683 1090 2764 pri-

121 2812 180 2853 mo
203 2791 397 2873 supponitur
420 2791 510 2871 quod
534 2790 639 2871 prima
662 2810 759 2851 causa
783 2789 883 2851 totius
899 2778 1089 2872 contingen-

119 2899 178 2960 tiae
190 2907 239 2960 est
262 2899 412 2960 voluntas
425 2897 544 2969 divina,
561 2906 594 2958 et
610 2896 673 2958 hoc
690 2896 904 2959 declarabitur
927 2895 1003 2959 dist.
1024 2919 1086 2978 seq.

121 3005 178 3066 Ex
202 3025 269 3086 quo
292 3004 438 3086 arguitur
461 3004 516 3065 sic:
542 3004 726 3064 Intellectus
749 3003 878 3064 divinus
912 3004 954 3064 ab
993 3013 1087 3065 aeter-

116 3132 165 3174 no
188 3112 344 3193 cognovit
366 3110 668 3173 determinationem
695 3110 870 3172 voluntatis
893 3109 1011 3171 divinae
1045 3119 1080 3172 ut

119 3240 188 3282 non
212 3219 442 3301 impedibilem;
467 3219 523 3280 sed
547 3219 698 3280 voluntas
721 3217 830 3278 divina
855 3237 930 3278 cum
961 3217 1001 3278 sit
1026 3217 1086 3297 pri-

119 3347 176 3388 ma
199 3347 297 3388 causa
319 3327 419 3389 totius
442 3325 674 3407 contingentiae
691 3325 733 3386 ab
749 3333 872 3386 aeterno
888 3322 1085 3385 determinat

112 3433 231 3496 omnia
247 3432 355 3495 sutura
370 3433 599 3514 contingentia
618 3453 698 3515 ergo
714 3432 755 3493 ab
768 3441 891 3493 aeterno
904 3429 1085 3492 intellectus

113 3541 249 3604 divinus
276 3541 431 3624 cognovit
462 3539 571 3603 futura
601 3538 823 3621 contingentia
853 3536 1085 3618 cognoscendo

111 3648 424 3712 determinationem
448 3647 625 3708 voluntatis
648 3667 725 3708 suae.

186 3755 257 3820 Sed
276 3754 330 3818 laic
351 3765 430 3818 smil
451 3753 514 3818 dno
537 3753 652 3817 dubia:
677 3752 752 3834 quia
776 3773 818 3814 ex
842 3751 935 3815 dictis
956 3749 1084 3813 videtur
