<?xml version="1.0" encoding="UTF-8"?>
<!DOCTYPE html PUBLIC "-//W3C//DTD XHTML 1.0 Transitional//EN"
    "http://www.w3.org/TR/xhtml1/DTD/xhtml1-transitional.dtd">
<html xmlns="http://www.w3.org/1999/xhtml" xml:lang="en" lang="en">
 <head>
  <title>
</title>
<meta http-equiv="Content-Type" content="text/html;charset=utf-8" />
  <meta name='ocr-system' content='tesseract 3.04.00' />
  <meta name='ocr-capabilities' content='ocr_page ocr_carea ocr_par ocr_line ocrx_word'/>
</head>
<body>
  <div class='ocr_page' id='page_1' title='image "./commentariainli01scotgoog_0143.png"; bbox 0 0 2684 4209; ppageno 0'>
   <div class='ocr_carea' id='block_1_1' title="bbox 359 178 1103 261">
    <p class='ocr_par' dir='ltr' id='par_1_1' title="bbox 359 178 1103 261">
     <span class='ocr_line' id='line_1_1' title="bbox 359 178 1103 261; baseline 0.003 -21"><span class='ocrx_word' id='word_1_1' title='bbox 359 178 546 244; x_wconf 75' lang='lat' dir='ltr'>Drsrnicr.</span> <span class='ocrx_word' id='word_1_2' title='bbox 570 180 604 243; x_wconf 89' lang='lat' dir='ltr'>V</span> <span class='ocrx_word' id='word_1_3' title='bbox 628 179 775 261; x_wconf 71' lang='lat' dir='ltr'>Quasi.</span> <span class='ocrx_word' id='word_1_4' title='bbox 800 181 815 242; x_wconf 91' lang='lat'>1</span> <span class='ocrx_word' id='word_1_5' title='bbox 1043 194 1103 259; x_wconf 85' lang='lat'>127</span> 
     </span>
    </p>
   </div>
   <div class='ocr_carea' id='block_1_2' title="bbox 153 383 1133 3775">
    <p class='ocr_par' dir='ltr' id='par_1_2' title="bbox 155 383 1128 787">
     <span class='ocr_line' id='line_1_2' title="bbox 209 383 1128 468; baseline 0.001 -24"><span class='ocrx_word' id='word_1_6' title='bbox 209 383 271 445; x_wconf 87' lang='lat' dir='ltr'>An</span> <span class='ocrx_word' id='word_1_7' title='bbox 294 397 438 447; x_wconf 78' lang='lat' dir='ltr'>Pmuun</span> <span class='ocrx_word' id='word_1_8' title='bbox 463 399 681 448; x_wconf 68' lang='lat' dir='ltr'>antuerpiam:</span> <span class='ocrx_word' id='word_1_9' title='bbox 705 386 918 468; x_wconf 83' lang='lat' dir='ltr'>respondetur</span> <span class='ocrx_word' id='word_1_10' title='bbox 942 405 999 466; x_wconf 84' lang='lat' dir='ltr'>per</span> <span class='ocrx_word' id='word_1_11' title='bbox 1024 384 1128 466; x_wconf 85' lang='lat' dir='ltr'>Magi-</span> 
     </span>
     <span class='ocr_line' id='line_1_3' title="bbox 157 491 1127 575; baseline 0.001 -23"><span class='ocrx_word' id='word_1_12' title='bbox 157 499 266 552; x_wconf 83' lang='lat' dir='ltr'><strong>strum</strong></span> <span class='ocrx_word' id='word_1_13' title='bbox 290 491 378 553; x_wconf 82' lang='lat' dir='ltr'>Dz&#39;st.</span> <span class='ocrx_word' id='word_1_14' title='bbox 401 491 457 554; x_wconf 76' lang='lat'>28.</span> <span class='ocrx_word' id='word_1_15' title='bbox 483 493 599 573; x_wconf 78' lang='lat' dir='ltr'>primi,</span> <span class='ocrx_word' id='word_1_16' title='bbox 636 493 726 574; x_wconf 91' lang='lat' dir='ltr'>quod</span> <span class='ocrx_word' id='word_1_17' title='bbox 757 491 967 575; x_wconf 85' lang='lat' dir='ltr'>Augustinus</span> <span class='ocrx_word' id='word_1_18' title='bbox 998 491 1042 553; x_wconf 92' lang='lat' dir='ltr'>ibi</span> <span class='ocrx_word' id='word_1_19' title='bbox 1074 512 1127 553; x_wconf 90' lang='lat' dir='ltr'>ae-</span> 
     </span>
     <span class='ocr_line' id='line_1_4' title="bbox 155 597 1126 681; baseline 0.002 -23"><span class='ocrx_word' id='word_1_20' title='bbox 155 597 238 679; x_wconf 84' lang='lat' dir='ltr'>cipit</span> <span class='ocrx_word' id='word_1_21' title='bbox 260 599 456 678; x_wconf 79' lang='lat' dir='ltr'>sapientiam</span> <span class='ocrx_word' id='word_1_22' title='bbox 473 620 533 680; x_wconf 88' lang='lat' dir='ltr'>pro</span> <span class='ocrx_word' id='word_1_23' title='bbox 557 599 717 680; x_wconf 79' lang='lat' dir='ltr'>supposito</span> <span class='ocrx_word' id='word_1_24' title='bbox 729 599 795 661; x_wconf 89' lang='lat' dir='ltr'>sive</span> <span class='ocrx_word' id='word_1_25' title='bbox 812 599 990 681; x_wconf 84' lang='lat' dir='ltr'>hypostasi,</span> <span class='ocrx_word' id='word_1_26' title='bbox 1011 607 1044 660; x_wconf 88' lang='lat' dir='ltr'>et</span> <span class='ocrx_word' id='word_1_27' title='bbox 1061 619 1126 660; x_wconf 90' lang='lat' dir='ltr'>non</span> 
     </span>
     <span class='ocr_line' id='line_1_5' title="bbox 161 715 378 787; baseline 0 -21"><span class='ocrx_word' id='word_1_28' title='bbox 161 725 224 787; x_wconf 91' lang='lat' dir='ltr'>pro</span> <span class='ocrx_word' id='word_1_29' title='bbox 247 715 378 767; x_wconf 84' lang='lat' dir='ltr'>natura.</span> 
     </span>
    </p>

    <p class='ocr_par' dir='ltr' id='par_1_3' title="bbox 153 811 1130 1534">
     <span class='ocr_line' id='line_1_6' title="bbox 227 811 1124 894; baseline 0 -22"><span class='ocrx_word' id='word_1_30' title='bbox 227 811 285 874; x_wconf 79' lang='lat' dir='ltr'>nd</span> <span class='ocrx_word' id='word_1_31' title='bbox 304 813 480 874; x_wconf 80' lang='lat' dir='ltr'>secundnm</span> <span class='ocrx_word' id='word_1_32' title='bbox 504 813 594 875; x_wconf 90' lang='lat' dir='ltr'>dico:</span> <span class='ocrx_word' id='word_1_33' title='bbox 623 813 656 876; x_wconf 89' lang='lat' dir='ltr'>Si</span> <span class='ocrx_word' id='word_1_34' title='bbox 682 813 865 876; x_wconf 88' lang='lat' dir='ltr'>Richardus</span> <span class='ocrx_word' id='word_1_35' title='bbox 888 811 1030 894; x_wconf 91' lang='lat' dir='ltr'>loquitur</span> <span class='ocrx_word' id='word_1_36' title='bbox 1046 832 1124 874; x_wconf 92' lang='lat' dir='ltr'>con-</span> 
     </span>
     <span class='ocr_line' id='line_1_7' title="bbox 154 916 1130 1002; baseline 0 -23"><span class='ocrx_word' id='word_1_37' title='bbox 154 926 208 979; x_wconf 90' lang='lat' dir='ltr'>tra</span> <span class='ocrx_word' id='word_1_38' title='bbox 234 918 440 1000; x_wconf 84' lang='lat' dir='ltr'>Magistrum,</span> <span class='ocrx_word' id='word_1_39' title='bbox 464 919 547 980; x_wconf 88' lang='lat' dir='ltr'>sieut</span> <span class='ocrx_word' id='word_1_40' title='bbox 570 920 670 982; x_wconf 89' lang='lat' dir='ltr'>verba</span> <span class='ocrx_word' id='word_1_41' title='bbox 692 940 751 981; x_wconf 89' lang='lat' dir='ltr'>sua</span> <span class='ocrx_word' id='word_1_42' title='bbox 774 916 1067 1002; x_wconf 33' lang='lat' dir='ltr'>videntur&#39;d&#39;sonare,</span> <span class='ocrx_word' id='word_1_43' title='bbox 1084 927 1130 979; x_wconf 92' lang='lat' dir='ltr'>te·</span> 
     </span>
     <span class='ocr_line' id='line_1_8' title="bbox 159 1025 1126 1108; baseline 0 -22"><span class='ocrx_word' id='word_1_44' title='bbox 159 1045 222 1086; x_wconf 92' lang='lat' dir='ltr'>neo</span> <span class='ocrx_word' id='word_1_45' title='bbox 245 1025 441 1106; x_wconf 76' lang='lat' dir='ltr'>Magistrum</span> <span class='ocrx_word' id='word_1_46' title='bbox 466 1036 498 1087; x_wconf 88' lang='lat' dir='ltr'>et</span> <span class='ocrx_word' id='word_1_47' title='bbox 522 1047 608 1108; x_wconf 86' lang='lat' dir='ltr'>nego</span> <span class='ocrx_word' id='word_1_48' title='bbox 634 1027 789 1089; x_wconf 86' lang='lat' dir='ltr'>Richard.</span> <span class='ocrx_word' id='word_1_49' title='bbox 818 1027 861 1088; x_wconf 91' lang='lat' dir='ltr'>Et</span> <span class='ocrx_word' id='word_1_50' title='bbox 885 1026 962 1108; x_wconf 88' lang='lat' dir='ltr'>quia</span> <span class='ocrx_word' id='word_1_51' title='bbox 990 1025 1126 1088; x_wconf 90' lang='lat' dir='ltr'>Richar-</span> 
     </span>
     <span class='ocr_line' id='line_1_9' title="bbox 159 1131 1129 1214; baseline 0.001 -21"><span class='ocrx_word' id='word_1_52' title='bbox 159 1131 223 1193; x_wconf 92' lang='lat' dir='ltr'>dus</span> <span class='ocrx_word' id='word_1_53' title='bbox 246 1131 436 1213; x_wconf 90' lang='lat' dir='ltr'>dicitquod</span> <span class='ocrx_word' id='word_1_54' title='bbox 470 1133 625 1214; x_wconf 82' lang='lat' dir='ltr'>Magister</span> <span class='ocrx_word' id='word_1_55' title='bbox 653 1155 719 1195; x_wconf 90' lang='lat' dir='ltr'>non</span> <span class='ocrx_word' id='word_1_56' title='bbox 748 1133 846 1195; x_wconf 86' lang='lat' dir='ltr'>habet</span> <span class='ocrx_word' id='word_1_57' title='bbox 874 1133 1033 1195; x_wconf 87' lang='lat' dir='ltr'>rationem</span> <span class='ocrx_word' id='word_1_58' title='bbox 1062 1131 1129 1194; x_wconf 90' lang='lat' dir='ltr'>sive</span> 
     </span>
     <span class='ocr_line' id='line_1_10' title="bbox 153 1238 1129 1321; baseline -0.001 -21"><span class='ocrx_word' id='word_1_59' title='bbox 153 1239 387 1300; x_wconf 86' lang='lat' dir='ltr'>auctoritatem</span> <span class='ocrx_word' id='word_1_60' title='bbox 411 1260 471 1320; x_wconf 91' lang='lat' dir='ltr'>pro</span> <span class='ocrx_word' id='word_1_61' title='bbox 494 1259 537 1314; x_wconf 89' lang='lat' dir='ltr'>se,</span> <span class='ocrx_word' id='word_1_62' title='bbox 570 1240 740 1320; x_wconf 74' lang='lat' dir='ltr'>respondeo</span> <span class='ocrx_word' id='word_1_63' title='bbox 767 1240 857 1321; x_wconf 92' lang='lat' dir='ltr'>quod</span> <span class='ocrx_word' id='word_1_64' title='bbox 891 1239 989 1302; x_wconf 90' lang='lat' dir='ltr'>habet</span> <span class='ocrx_word' id='word_1_65' title='bbox 1027 1238 1129 1300; x_wconf 86' lang='lat' dir='ltr'>maxi-</span> 
     </span>
     <span class='ocr_line' id='line_1_11' title="bbox 163 1344 1129 1428; baseline 0 -22"><span class='ocrx_word' id='word_1_66' title='bbox 163 1365 253 1406; x_wconf 85' lang='lat' dir='ltr'>mam</span> <span class='ocrx_word' id='word_1_67' title='bbox 277 1344 503 1407; x_wconf 88' lang='lat' dir='ltr'>auctoritatem</span> <span class='ocrx_word' id='word_1_68' title='bbox 528 1366 588 1427; x_wconf 92' lang='lat' dir='ltr'>pro</span> <span class='ocrx_word' id='word_1_69' title='bbox 619 1366 661 1418; x_wconf 89' lang='lat' dir='ltr'>se,</span> <span class='ocrx_word' id='word_1_70' title='bbox 694 1347 771 1428; x_wconf 90' lang='lat' dir='ltr'>quia</span> <span class='ocrx_word' id='word_1_71' title='bbox 802 1345 1030 1408; x_wconf 88' lang='lat' dir='ltr'>auctoritatem</span> <span class='ocrx_word' id='word_1_72' title='bbox 1064 1345 1129 1406; x_wconf 88' lang='lat' dir='ltr'>Ec·</span> 
     </span>
     <span class='ocr_line' id='line_1_12' title="bbox 157 1451 986 1534; baseline 0.001 -22"><span class='ocrx_word' id='word_1_73' title='bbox 157 1451 267 1513; x_wconf 81' lang='lat' dir='ltr'>clesiae</span> <span class='ocrx_word' id='word_1_74' title='bbox 292 1472 366 1533; x_wconf 84' lang='lat' dir='ltr'>quae</span> <span class='ocrx_word' id='word_1_75' title='bbox 390 1461 438 1513; x_wconf 88' lang='lat' dir='ltr'>est</span> <span class='ocrx_word' id='word_1_76' title='bbox 463 1452 617 1524; x_wconf 80' lang='lat' dir='ltr'>maxima,</span> <span class='ocrx_word' id='word_1_77' title='bbox 644 1461 680 1514; x_wconf 89' lang='lat' dir='ltr'>ut</span> <span class='ocrx_word' id='word_1_78' title='bbox 703 1462 793 1534; x_wconf 78' lang='lat' dir='ltr'>patet</span> <span class='ocrx_word' id='word_1_79' title='bbox 816 1473 859 1514; x_wconf 85' lang='lat' dir='ltr'>ex</span> <span class='ocrx_word' id='word_1_80' title='bbox 883 1453 986 1514; x_wconf 88' lang='lat' dir='ltr'>dictis.</span> 
     </span>
    </p>

    <p class='ocr_par' dir='ltr' id='par_1_4' title="bbox 161 1558 1131 2494">
     <span class='ocr_line' id='line_1_13' title="bbox 230 1558 1129 1640; baseline 0.001 -22"><span class='ocrx_word' id='word_1_81' title='bbox 230 1558 290 1619; x_wconf 83' lang='lat' dir='ltr'>Ad</span> <span class='ocrx_word' id='word_1_82' title='bbox 320 1558 450 1620; x_wconf 82' lang='lat' dir='ltr'>tertium</span> <span class='ocrx_word' id='word_1_83' title='bbox 487 1579 572 1640; x_wconf 87' lang='lat' dir='ltr'>nego</span> <span class='ocrx_word' id='word_1_84' title='bbox 595 1559 852 1640; x_wconf 81' lang='lat' dir='ltr'>consequentiam</span> <span class='ocrx_word' id='word_1_85' title='bbox 883 1558 960 1640; x_wconf 91' lang='lat' dir='ltr'>quia</span> <span class='ocrx_word' id='word_1_86' title='bbox 983 1558 1129 1620; x_wconf 83' lang='lat' dir='ltr'>snbstan-</span> 
     </span>
     <span class='ocr_line' id='line_1_14' title="bbox 161 1665 1130 1748; baseline -0.001 -22"><span class='ocrx_word' id='word_1_87' title='bbox 161 1665 236 1726; x_wconf 78' lang='lat' dir='ltr'>tiva</span> <span class='ocrx_word' id='word_1_88' title='bbox 260 1665 479 1745; x_wconf 84' lang='lat' dir='ltr'>praedicantur</span> <span class='ocrx_word' id='word_1_89' title='bbox 503 1687 560 1747; x_wconf 85' lang='lat' dir='ltr'>per</span> <span class='ocrx_word' id='word_1_90' title='bbox 584 1666 798 1736; x_wconf 84' lang='lat' dir='ltr'>identitatem,</span> <span class='ocrx_word' id='word_1_91' title='bbox 823 1666 988 1748; x_wconf 74' lang='lat' dir='ltr'>acljntiva</span> <span class='ocrx_word' id='word_1_92' title='bbox 1011 1686 1068 1746; x_wconf 91' lang='lat' dir='ltr'>per</span> <span class='ocrx_word' id='word_1_93' title='bbox 1085 1665 1130 1726; x_wconf 93' lang='lat' dir='ltr'>in-</span> 
     </span>
     <span class='ocr_line' id='line_1_15' title="bbox 166 1770 1130 1855; baseline -0.001 -22"><span class='ocrx_word' id='word_1_94' title='bbox 166 1770 372 1846; x_wconf 85' lang='lat' dir='ltr'>haerentiam;</span> <span class='ocrx_word' id='word_1_95' title='bbox 398 1773 470 1834; x_wconf 88' lang='lat' dir='ltr'>ideo</span> <span class='ocrx_word' id='word_1_96' title='bbox 494 1772 553 1834; x_wconf 86' lang='lat' dir='ltr'>ista</span> <span class='ocrx_word' id='word_1_97' title='bbox 576 1784 625 1835; x_wconf 87' lang='lat' dir='ltr'>est</span> <span class='ocrx_word' id='word_1_98' title='bbox 649 1793 705 1855; x_wconf 90' lang='lat' dir='ltr'>per</span> <span class='ocrx_word' id='word_1_99' title='bbox 721 1773 951 1853; x_wconf 88' lang='lat' dir='ltr'>adjacentiam:</span> <span class='ocrx_word' id='word_1_100' title='bbox 969 1781 1060 1853; x_wconf 88' lang='lat' dir='ltr'>pater</span> <span class='ocrx_word' id='word_1_101' title='bbox 1077 1791 1130 1853; x_wconf 70' lang='lat' dir='ltr'>ge</span> 
     </span>
     <span class='ocr_line' id='line_1_16' title="bbox 165 1879 1129 1960; baseline -0.002 -19"><span class='ocrx_word' id='word_1_102' title='bbox 165 1889 271 1952; x_wconf 88' lang='lat' dir='ltr'>nerat;</span> <span class='ocrx_word' id='word_1_103' title='bbox 295 1879 356 1940; x_wconf 89' lang='lat' dir='ltr'>ista</span> <span class='ocrx_word' id='word_1_104' title='bbox 379 1889 489 1940; x_wconf 89' lang='lat' dir='ltr'>autem</span> <span class='ocrx_word' id='word_1_105' title='bbox 514 1899 571 1960; x_wconf 92' lang='lat' dir='ltr'>per</span> <span class='ocrx_word' id='word_1_106' title='bbox 595 1880 811 1942; x_wconf 84' lang='lat' dir='ltr'>identitatem:</span> <span class='ocrx_word' id='word_1_107' title='bbox 835 1879 972 1941; x_wconf 89' lang='lat' dir='ltr'>essentia</span> <span class='ocrx_word' id='word_1_108' title='bbox 1001 1887 1050 1940; x_wconf 91' lang='lat' dir='ltr'>est</span> <span class='ocrx_word' id='word_1_109' title='bbox 1073 1879 1129 1939; x_wconf 90' lang='lat' dir='ltr'>Pa-</span> 
     </span>
     <span class='ocr_line' id='line_1_17' title="bbox 164 1984 1129 2067; baseline 0 -21"><span class='ocrx_word' id='word_1_110' title='bbox 164 1995 223 2047; x_wconf 88' lang='lat' dir='ltr'>ter.</span> <span class='ocrx_word' id='word_1_111' title='bbox 247 2019 292 2031; x_wconf 91' lang='lat'>-</span> <span class='ocrx_word' id='word_1_112' title='bbox 315 1985 373 2047; x_wconf 89' lang='lat' dir='ltr'>Ad</span> <span class='ocrx_word' id='word_1_113' title='bbox 391 1985 611 2066; x_wconf 77' lang='lat' dir='ltr'>probationem</span> <span class='ocrx_word' id='word_1_114' title='bbox 636 1987 709 2048; x_wconf 86' lang='lat' dir='ltr'>dico</span> <span class='ocrx_word' id='word_1_115' title='bbox 733 1986 822 2067; x_wconf 89' lang='lat' dir='ltr'>quod</span> <span class='ocrx_word' id='word_1_116' title='bbox 852 1986 924 2047; x_wconf 90' lang='lat' dir='ltr'>licet</span> <span class='ocrx_word' id='word_1_117' title='bbox 951 1986 992 2046; x_wconf 87' lang='lat' dir='ltr'>de</span> <span class='ocrx_word' id='word_1_118' title='bbox 1020 1984 1129 2066; x_wconf 88' lang='lat' dir='ltr'>aliquo</span> 
     </span>
     <span class='ocr_line' id='line_1_18' title="bbox 164 2092 1129 2174; baseline -0.001 -21"><span class='ocrx_word' id='word_1_119' title='bbox 164 2092 360 2173; x_wconf 74' lang='lat' dir='ltr'>praedicetur</span> <span class='ocrx_word' id='word_1_120' title='bbox 379 2093 510 2173; x_wconf 72' lang='lat' dir='ltr'>propria</span> <span class='ocrx_word' id='word_1_121' title='bbox 542 2094 657 2174; x_wconf 85' lang='lat' dir='ltr'>passio,</span> <span class='ocrx_word' id='word_1_122' title='bbox 692 2113 757 2154; x_wconf 89' lang='lat' dir='ltr'>non</span> <span class='ocrx_word' id='word_1_123' title='bbox 789 2103 900 2155; x_wconf 86' lang='lat' dir='ltr'>tamen</span> <span class='ocrx_word' id='word_1_124' title='bbox 933 2092 1129 2173; x_wconf 70' lang='lat' dir='ltr'>praedicatur</span> 
     </span>
     <span class='ocr_line' id='line_1_19' title="bbox 165 2198 1130 2281; baseline 0.001 -22"><span class='ocrx_word' id='word_1_125' title='bbox 165 2198 206 2259; x_wconf 92' lang='lat' dir='ltr'>de</span> <span class='ocrx_word' id='word_1_126' title='bbox 230 2199 302 2273; x_wconf 87' lang='lat' dir='ltr'>istu,</span> <span class='ocrx_word' id='word_1_127' title='bbox 333 2199 374 2260; x_wconf 90' lang='lat' dir='ltr'>de</span> <span class='ocrx_word' id='word_1_128' title='bbox 401 2219 468 2280; x_wconf 91' lang='lat' dir='ltr'>quo</span> <span class='ocrx_word' id='word_1_129' title='bbox 497 2199 693 2281; x_wconf 66' lang='lat' dir='ltr'>praedicatur</span> <span class='ocrx_word' id='word_1_130' title='bbox 719 2198 903 2280; x_wconf 89' lang='lat' dir='ltr'>subjectum</span> <span class='ocrx_word' id='word_1_131' title='bbox 932 2199 993 2261; x_wconf 91' lang='lat' dir='ltr'>sub</span> <span class='ocrx_word' id='word_1_132' title='bbox 1021 2199 1130 2279; x_wconf 86' lang='lat' dir='ltr'>aliqua</span> 
     </span>
     <span class='ocr_line' id='line_1_20' title="bbox 165 2305 1131 2388; baseline 0 -22"><span class='ocrx_word' id='word_1_133' title='bbox 165 2305 227 2366; x_wconf 88' lang='lat' dir='ltr'>alia</span> <span class='ocrx_word' id='word_1_134' title='bbox 251 2306 384 2367; x_wconf 88' lang='lat' dir='ltr'>ratione.</span> <span class='ocrx_word' id='word_1_135' title='bbox 412 2307 486 2368; x_wconf 84' lang='lat' dir='ltr'>Nou</span> <span class='ocrx_word' id='word_1_136' title='bbox 511 2308 597 2368; x_wconf 92' lang='lat' dir='ltr'>enim</span> <span class='ocrx_word' id='word_1_137' title='bbox 623 2307 767 2388; x_wconf 87' lang='lat' dir='ltr'>sequitur</span> <span class='ocrx_word' id='word_1_138' title='bbox 790 2307 880 2387; x_wconf 89' lang='lat' dir='ltr'>quod</span> <span class='ocrx_word' id='word_1_139' title='bbox 904 2306 1006 2367; x_wconf 92' lang='lat' dir='ltr'>homo</span> <span class='ocrx_word' id='word_1_140' title='bbox 1029 2315 1077 2366; x_wconf 88' lang='lat' dir='ltr'>est</span> <span class='ocrx_word' id='word_1_141' title='bbox 1093 2305 1131 2366; x_wconf 91' lang='lat' dir='ltr'>ri-</span> 
     </span>
     <span class='ocr_line' id='line_1_21' title="bbox 165 2411 1128 2494; baseline -0.001 -20"><span class='ocrx_word' id='word_1_142' title='bbox 165 2411 279 2484; x_wconf 88' lang='lat' dir='ltr'>sibilis;</span> <span class='ocrx_word' id='word_1_143' title='bbox 304 2413 425 2493; x_wconf 79' lang='lat' dir='ltr'>species</span> <span class='ocrx_word' id='word_1_144' title='bbox 449 2423 497 2475; x_wconf 87' lang='lat' dir='ltr'>est</span> <span class='ocrx_word' id='word_1_145' title='bbox 522 2413 636 2486; x_wconf 88' lang='lat' dir='ltr'>h0m0;</span> <span class='ocrx_word' id='word_1_146' title='bbox 661 2435 741 2494; x_wconf 84' lang='lat' dir='ltr'>ergo</span> <span class='ocrx_word' id='word_1_147' title='bbox 769 2414 890 2494; x_wconf 89' lang='lat' dir='ltr'>species</span> <span class='ocrx_word' id='word_1_148' title='bbox 918 2411 966 2474; x_wconf 86' lang='lat' dir='ltr'>est</span> <span class='ocrx_word' id='word_1_149' title='bbox 995 2412 1128 2474; x_wconf 87' lang='lat' dir='ltr'>risibilis.</span> 
     </span>
    </p>

    <p class='ocr_par' dir='ltr' id='par_1_5' title="bbox 165 2519 1131 3134">
     <span class='ocr_line' id='line_1_22' title="bbox 233 2519 1131 2601; baseline 0.001 -22"><span class='ocrx_word' id='word_1_150' title='bbox 233 2519 292 2580; x_wconf 76' lang='lat' dir='ltr'>Ad</span> <span class='ocrx_word' id='word_1_151' title='bbox 311 2529 465 2600; x_wconf 83' lang='lat' dir='ltr'>qnnrtnm</span> <span class='ocrx_word' id='word_1_152' title='bbox 490 2521 562 2581; x_wconf 80' lang='lat' dir='ltr'>dicu</span> <span class='ocrx_word' id='word_1_153' title='bbox 586 2521 676 2601; x_wconf 74' lang='lat' dir='ltr'>quotl</span> <span class='ocrx_word' id='word_1_154' title='bbox 702 2521 805 2600; x_wconf 88' lang='lat' dir='ltr'>major</span> <span class='ocrx_word' id='word_1_155' title='bbox 828 2529 877 2580; x_wconf 89' lang='lat' dir='ltr'>est</span> <span class='ocrx_word' id='word_1_156' title='bbox 900 2541 985 2591; x_wconf 83' lang='lat' dir='ltr'>vera,</span> <span class='ocrx_word' id='word_1_157' title='bbox 1004 2519 1061 2581; x_wconf 88' lang='lat' dir='ltr'>nisi</span> <span class='ocrx_word' id='word_1_158' title='bbox 1079 2540 1131 2580; x_wconf 86' lang='lat' dir='ltr'>va·</span> 
     </span>
     <span class='ocr_line' id='line_1_23' title="bbox 165 2625 1131 2707; baseline 0 -21"><span class='ocrx_word' id='word_1_159' title='bbox 165 2627 264 2687; x_wconf 85' lang='lat' dir='ltr'>rietur</span> <span class='ocrx_word' id='word_1_160' title='bbox 288 2625 406 2689; x_wconf 83' lang='lat' dir='ltr'>modus</span> <span class='ocrx_word' id='word_1_161' title='bbox 429 2627 642 2707; x_wconf 79' lang='lat' dir='ltr'>praedicandi;</span> <span class='ocrx_word' id='word_1_162' title='bbox 673 2627 704 2688; x_wconf 95' lang='lat' dir='ltr'>in</span> <span class='ocrx_word' id='word_1_163' title='bbox 736 2627 904 2707; x_wconf 88' lang='lat' dir='ltr'>proposito</span> <span class='ocrx_word' id='word_1_164' title='bbox 936 2636 1046 2687; x_wconf 90' lang='lat' dir='ltr'>autem</span> <span class='ocrx_word' id='word_1_165' title='bbox 1078 2647 1131 2686; x_wconf 87' lang='lat' dir='ltr'>va-</span> 
     </span>
     <span class='ocr_line' id='line_1_24' title="bbox 166 2733 1131 2814; baseline 0 -20"><span class='ocrx_word' id='word_1_166' title='bbox 166 2733 266 2794; x_wconf 87' lang='lat' dir='ltr'>riatur</span> <span class='ocrx_word' id='word_1_167' title='bbox 292 2733 409 2794; x_wconf 90' lang='lat' dir='ltr'>modus</span> <span class='ocrx_word' id='word_1_168' title='bbox 433 2734 641 2814; x_wconf 84' lang='lat' dir='ltr'>praedicandi‚</span> <span class='ocrx_word' id='word_1_169' title='bbox 666 2734 742 2814; x_wconf 88' lang='lat' dir='ltr'>quia</span> <span class='ocrx_word' id='word_1_170' title='bbox 766 2754 841 2795; x_wconf 90' lang='lat' dir='ltr'>cum</span> <span class='ocrx_word' id='word_1_171' title='bbox 866 2733 996 2797; x_wconf 83' lang='lat' dir='ltr'>dicitur:</span> <span class='ocrx_word' id='word_1_172' title='bbox 1026 2753 1131 2794; x_wconf 88' lang='lat' dir='ltr'>essen-</span> 
     </span>
     <span class='ocr_line' id='line_1_25' title="bbox 166 2839 1127 2921; baseline -0.002 -20"><span class='ocrx_word' id='word_1_173' title='bbox 166 2839 211 2901; x_wconf 88' lang='lat' dir='ltr'>tia</span> <span class='ocrx_word' id='word_1_174' title='bbox 234 2848 284 2901; x_wconf 88' lang='lat' dir='ltr'>est</span> <span class='ocrx_word' id='word_1_175' title='bbox 299 2840 401 2913; x_wconf 87' lang='lat' dir='ltr'>Pater,</span> <span class='ocrx_word' id='word_1_176' title='bbox 419 2848 467 2901; x_wconf 88' lang='lat' dir='ltr'>est</span> <span class='ocrx_word' id='word_1_177' title='bbox 485 2841 601 2902; x_wconf 89' lang='lat' dir='ltr'>modus</span> <span class='ocrx_word' id='word_1_178' title='bbox 618 2840 816 2921; x_wconf 68' lang='lat' dir='ltr'>praedicandi</span> <span class='ocrx_word' id='word_1_179' title='bbox 832 2860 889 2921; x_wconf 89' lang='lat' dir='ltr'>per</span> <span class='ocrx_word' id='word_1_180' title='bbox 910 2840 1127 2913; x_wconf 80' lang='lat' dir='ltr'>identitatem3</span> 
     </span>
     <span class='ocr_line' id='line_1_26' title="bbox 166 2945 1131 3028; baseline -0.001 -22"><span class='ocrx_word' id='word_1_181' title='bbox 166 2965 243 3006; x_wconf 91' lang='lat' dir='ltr'>cum</span> <span class='ocrx_word' id='word_1_182' title='bbox 268 2953 377 3007; x_wconf 88' lang='lat' dir='ltr'>autem</span> <span class='ocrx_word' id='word_1_183' title='bbox 406 2946 537 3007; x_wconf 90' lang='lat' dir='ltr'>dicitur:</span> <span class='ocrx_word' id='word_1_184' title='bbox 568 2948 662 3009; x_wconf 86' lang='lat' dir='ltr'>Pater</span> <span class='ocrx_word' id='word_1_185' title='bbox 693 2954 835 3028; x_wconf 83' lang='lat' dir='ltr'>generat,</span> <span class='ocrx_word' id='word_1_186' title='bbox 864 2956 912 3008; x_wconf 83' lang='lat' dir='ltr'>est</span> <span class='ocrx_word' id='word_1_187' title='bbox 942 2945 1131 3027; x_wconf 81' lang='lat' dir='ltr'>praedicatio</span> 
     </span>
     <span class='ocr_line' id='line_1_27' title="bbox 166 3050 699 3134; baseline 0.004 -22"><span class='ocrx_word' id='word_1_188' title='bbox 166 3050 312 3113; x_wconf 87' lang='lat' dir='ltr'>formalis</span> <span class='ocrx_word' id='word_1_189' title='bbox 335 3062 367 3114; x_wconf 93' lang='lat' dir='ltr'>et</span> <span class='ocrx_word' id='word_1_190' title='bbox 392 3073 448 3134; x_wconf 89' lang='lat' dir='ltr'>per</span> <span class='ocrx_word' id='word_1_191' title='bbox 472 3052 699 3133; x_wconf 87' lang='lat' dir='ltr'>adjacentiam.</span> 
     </span>
    </p>

    <p class='ocr_par' dir='ltr' id='par_1_6' title="bbox 167 3159 1133 3775">
     <span class='ocr_line' id='line_1_28' title="bbox 235 3159 1131 3242; baseline 0.001 -23"><span class='ocrx_word' id='word_1_192' title='bbox 235 3159 294 3220; x_wconf 85' lang='lat' dir='ltr'>Ad</span> <span class='ocrx_word' id='word_1_193' title='bbox 315 3159 482 3230; x_wconf 81' lang='lat' dir='ltr'>ultimum,</span> <span class='ocrx_word' id='word_1_194' title='bbox 514 3161 648 3240; x_wconf 88' lang='lat' dir='ltr'>quando</span> <span class='ocrx_word' id='word_1_195' title='bbox 676 3161 792 3222; x_wconf 88' lang='lat' dir='ltr'>dicitur</span> <span class='ocrx_word' id='word_1_196' title='bbox 820 3160 967 3242; x_wconf 88' lang='lat' dir='ltr'>genitum</span> <span class='ocrx_word' id='word_1_197' title='bbox 997 3159 1131 3240; x_wconf 86' lang='lat' dir='ltr'>inquan-</span> 
     </span>
     <span class='ocr_line' id='line_1_29' title="bbox 167 3265 1132 3350; baseline 0.002 -24"><span class='ocrx_word' id='word_1_198' title='bbox 167 3275 240 3327; x_wconf 88' lang='lat' dir='ltr'>tum</span> <span class='ocrx_word' id='word_1_199' title='bbox 265 3267 412 3348; x_wconf 89' lang='lat' dir='ltr'>genitum</span> <span class='ocrx_word' id='word_1_200' title='bbox 436 3275 484 3328; x_wconf 90' lang='lat' dir='ltr'>est</span> <span class='ocrx_word' id='word_1_201' title='bbox 506 3265 639 3350; x_wconf 88' lang='lat' dir='ltr'>aliquid,</span> <span class='ocrx_word' id='word_1_202' title='bbox 667 3267 855 3328; x_wconf 90' lang='lat' dir='ltr'>conceditur</span> <span class='ocrx_word' id='word_1_203' title='bbox 879 3267 903 3328; x_wconf 88' lang='lat' dir='ltr'>si</span> <span class='ocrx_word' id='word_1_204' title='bbox 929 3287 985 3347; x_wconf 89' lang='lat' dir='ltr'>per</span> <span class='ocrx_word' id='word_1_205' title='bbox 1010 3267 1043 3346; x_wconf 89' lang='lat' dir='ltr'>ly</span> <span class='ocrx_word' id='word_1_206' title='bbox 1071 3267 1132 3328; x_wconf 81' lang='lat' dir='ltr'>ali-</span> 
     </span>
     <span class='ocr_line' id='line_1_30' title="bbox 167 3371 1132 3455; baseline 0.002 -22"><span class='ocrx_word' id='word_1_207' title='bbox 167 3372 253 3454; x_wconf 82' lang='lat' dir='ltr'>quid</span> <span class='ocrx_word' id='word_1_208' title='bbox 272 3371 431 3455; x_wconf 87' lang='lat' dir='ltr'>intelligas</span> <span class='ocrx_word' id='word_1_209' title='bbox 455 3374 653 3444; x_wconf 78' lang='lat' dir='ltr'>relationem,</span> <span class='ocrx_word' id='word_1_210' title='bbox 682 3375 738 3435; x_wconf 89' lang='lat' dir='ltr'>sed</span> <span class='ocrx_word' id='word_1_211' title='bbox 763 3395 848 3455; x_wconf 89' lang='lat' dir='ltr'>nego</span> <span class='ocrx_word' id='word_1_212' title='bbox 871 3374 897 3435; x_wconf 91' lang='lat' dir='ltr'>si</span> <span class='ocrx_word' id='word_1_213' title='bbox 922 3394 978 3455; x_wconf 92' lang='lat' dir='ltr'>per</span> <span class='ocrx_word' id='word_1_214' title='bbox 1003 3373 1036 3453; x_wconf 92' lang='lat' dir='ltr'>ly</span> <span class='ocrx_word' id='word_1_215' title='bbox 1071 3373 1132 3435; x_wconf 84' lang='lat' dir='ltr'>ali-</span> 
     </span>
     <span class='ocr_line' id='line_1_31' title="bbox 167 3479 1130 3562; baseline 0.001 -22"><span class='ocrx_word' id='word_1_216' title='bbox 167 3479 254 3561; x_wconf 83' lang='lat' dir='ltr'>quid</span> <span class='ocrx_word' id='word_1_217' title='bbox 273 3479 432 3561; x_wconf 88' lang='lat' dir='ltr'>intelligas</span> <span class='ocrx_word' id='word_1_218' title='bbox 455 3482 636 3543; x_wconf 81' lang='lat' dir='ltr'>essentiam.</span> <span class='ocrx_word' id='word_1_219' title='bbox 661 3482 728 3542; x_wconf 89' lang='lat' dir='ltr'>Isto</span> <span class='ocrx_word' id='word_1_220' title='bbox 752 3481 838 3543; x_wconf 91' lang='lat' dir='ltr'>enim</span> <span class='ocrx_word' id='word_1_221' title='bbox 865 3481 964 3542; x_wconf 91' lang='lat' dir='ltr'>modo</span> <span class='ocrx_word' id='word_1_222' title='bbox 981 3480 1130 3562; x_wconf 85' lang='lat' dir='ltr'>genitum</span> 
     </span>
     <span class='ocr_line' id='line_1_32' title="bbox 167 3583 1133 3669; baseline 0.002 -22"><span class='ocrx_word' id='word_1_223' title='bbox 167 3586 203 3647; x_wconf 92' lang='lat' dir='ltr'>in</span> <span class='ocrx_word' id='word_1_224' title='bbox 228 3596 390 3667; x_wconf 90' lang='lat' dir='ltr'>quantum</span> <span class='ocrx_word' id='word_1_225' title='bbox 415 3587 561 3668; x_wconf 87' lang='lat' dir='ltr'>genitum</span> <span class='ocrx_word' id='word_1_226' title='bbox 587 3583 717 3650; x_wconf 84' lang='lat' dir='ltr'>nonest</span> <span class='ocrx_word' id='word_1_227' title='bbox 739 3587 880 3669; x_wconf 75' lang='lat' dir='ltr'>aliquid,</span> <span class='ocrx_word' id='word_1_228' title='bbox 900 3588 957 3649; x_wconf 88' lang='lat' dir='ltr'>sed</span> <span class='ocrx_word' id='word_1_229' title='bbox 973 3595 1022 3649; x_wconf 92' lang='lat' dir='ltr'>est</span> <span class='ocrx_word' id='word_1_230' title='bbox 1037 3587 1085 3649; x_wconf 83' lang='lat' dir='ltr'>nd</span> <span class='ocrx_word' id='word_1_231' title='bbox 1098 3607 1133 3649; x_wconf 90' lang='lat' dir='ltr'>a·</span> 
     </span>
     <span class='ocr_line' id='line_1_33' title="bbox 168 3692 286 3775; baseline 0 -19"><span class='ocrx_word' id='word_1_232' title='bbox 168 3692 286 3775; x_wconf 84' lang='lat' dir='ltr'>liquid.</span> 
     </span>
    </p>
   </div>
   <div class='ocr_carea' id='block_1_3' title="bbox 0 0 1353 4209">
    <p class='ocr_par' dir='ltr' id='par_1_7' title="bbox 0 0 1353 4209">
     <span class='ocr_line' id='line_1_34' title="bbox 0 0 1353 4209; baseline 0 0"><span class='ocrx_word' id='word_1_233' title='bbox 0 0 1353 4209; x_wconf 95' lang='lat' dir='ltr'> </span> 
     </span>
    </p>
   </div>
  </div>
 </body>
</html>
