2684 4209
352 253 539 317 Drsrnrcr.
564 254 680 318 XXVI
705 253 852 337 Qumsr.
877 253 892 315 Ι
1036 267 1099 331 293

989 369 1124 381 -—--—n

146 467 270 533 untur;
294 458 351 521 sed
375 479 522 540 personae
547 479 613 522 non
636 468 713 522 sunt
726 459 832 541 primo
844 457 956 539 seipsis
971 455 1121 533 diversae,

145 566 228 648 quia
250 564 449 628 conveniunt
472 565 504 627 in
535 566 689 641 essentia;
714 585 794 649 ergo
817 573 947 647 oportet
970 583 1117 646 quaerere

150 671 194 736 de
215 672 261 734 eis
283 672 453 754 quomodo
476 672 729 754 distinguuntur.
755 709 799 719 —
821 672 995 746 Proeterea,
1013 670 1115 733 inPa·

147 787 200 841 tre
222 788 271 842 est
294 779 460 862 generatio
483 779 590 842 activa
611 789 644 842 et
667 779 800 861 spiratio
816 778 936 853 activa;
949 777 1007 840 sed
1022 777 1055 840 in
1069 775 1120 838 Fi-

148 886 194 948 lio
216 895 265 948 est
288 886 420 968 spiratio
442 887 548 949 activa
570 895 603 948 et
626 907 692 949 non
717 885 883 970 generatio
898 885 1004 947 activa
1011 904 1018 959 ;
1035 903 1115 965 ergo

147 1001 282 1074 oportet
304 1013 453 1075 quaerere
476 993 646 1075 quomodo
668 993 887 1074 distinguatur
911 992 1004 1054 Pater
1027 1011 1048 1052 a
1067 989 1120 1052 Fi·

153 1101 207 1162 lio.
233 1136 274 1147 -
298 1101 472 1172 Proterea,
500 1100 526 1162 si
551 1100 643 1163 Pater
666 1099 774 1181 seipso
796 1098 1006 1182 distinguitur
1029 1118 1048 1159 a
1068 1097 1095 1158 F
1097 1097 1119 1159 i-

150 1207 206 1280 lio,
230 1207 299 1289 pari
323 1208 447 1270 ratione
469 1207 575 1289 seipso
587 1206 797 1289 distinguitur
814 1227 832 1267 a
846 1205 968 1288 Spiritu
982 1204 1115 1280 Sancto;

153 1335 235 1396 ergo
258 1313 357 1376 habet
379 1314 517 1376 eandem
541 1313 731 1377 relationem
755 1313 797 1374 ad
823 1313 941 1374 Filium
965 1321 998 1375 et
1023 1311 1121 1394 Spiri-

148 1429 225 1483 tum
250 1420 423 1495 Sanctum3
447 1441 537 1503 ergo,
561 1441 580 1482 e
603 1440 769 1493 converso,
795 1419 896 1481 Filius
919 1426 952 1482 et
977 1418 1118 1500 Spiritus

149 1525 294 1592 Sanctus
318 1527 486 1590 habebunt
508 1527 645 1590 eandem
670 1527 859 1590 relationem
894 1526 936 1588 ad
975 1526 1114 1600 Patrem,

150 1635 244 1717 quod
267 1644 317 1697 est
339 1633 467 1697 falsum.

221 1743 280 1804 Ad
294 1741 445 1822 primum
468 1741 630 1821 opirn'onis
653 1739 831 1828 Magistri,
860 1740 1005 1803 concedo
1029 1738 1119 1820 quod

149 1868 291 1930 persona
314 1858 363 1910 est
386 1868 481 1929 aeque
504 1848 645 1931 simplex
668 1848 751 1910 sicut
767 1847 913 1920 essentia,
931 1856 1040 1909 tamen
1050 1865 1120 1927 per-

150 1975 234 2017 sona
258 1955 394 2017 includit
424 1953 532 2036 aliqua
554 1975 696 2037 quorum
722 1974 825 2016 unum
860 1973 926 2015 non
954 1961 1003 2015 est
1029 1952 1118 2014 aliud

149 2059 340 2134 formaliter,
365 2062 453 2124 unde
476 2064 569 2125 Pater
593 2062 730 2124 includit
752 2060 924 2124 essentiam
947 2068 981 2121 et
1012 2068 1118 2141 pater-

147 2168 297 2240 nitatem,
321 2168 466 2231 similiter
491 2169 591 2231 Filius
614 2168 750 2231 includit
765 2167 937 2230 essentiam
949 2175 983 2229 et
994 2165 1119 2229 filiatio-

149 2295 238 2349 nem,
262 2285 295 2338 et
318 2277 412 2340 Pater
439 2285 473 2338 et
509 2276 609 2338 Filius
631 2276 831 2338 conveniunt
854 2275 885 2336 in
921 2275 1058 2337 essentia
1086 2283 1119 2336 et

153 2401 222 2445 non
245 2383 278 2446 in
302 2383 501 2465 proprietate
524 2383 666 2456 relativa,
691 2383 765 2445 ideo
788 2382 946 2464 quaeritur
968 2401 1036 2463 quo
1054 2381 1119 2462 pri-

155 2509 212 2552 mo
235 2490 491 2572 distinguuntur.

210 2597 269 2659 Ad
287 2597 473 2668 secundum,
499 2597 573 2658 dico
596 2596 686 2677 quod
703 2605 893 2658 concretum
916 2603 950 2656 et
976 2593 1116 2656 abstrac-

147 2711 225 2767 tum
249 2703 336 2765 idem
360 2702 553 2785 significant,
579 2703 637 2766 sed
659 2702 814 2764 differunt
837 2701 868 2763 in
895 2701 994 2763 modo
1018 2699 1116 2782 signi-

146 2809 279 2884 ficandi,
303 2811 380 2893 quia
397 2821 592 2874 concretum
616 2830 744 2891 semper
760 2807 920 2891 significat
937 2807 1113 2874 subsistens

150 2919 185 2982 in
210 2918 314 2981 forma
337 2919 387 2981 vel
413 2927 541 2993 natura;
559 2917 614 2980 sed
631 2918 808 2979 subsistens
831 2916 863 2978 in
886 2917 1057 2998 supposito
1071 2918 1114 2981 in-

152 3025 257 3089 cludit
280 3026 451 3088 essentiam
475 3034 508 3087 et
525 3026 723 3098 relationem,
737 3033 769 3086 et
782 3043 928 3106 personae
942 3024 1116 3087 subsisten-

148 3144 200 3196 tes
222 3134 421 3198 conveniunt
445 3133 477 3196 in
501 3134 637 3195 essentia
660 3143 694 3194 et
706 3153 771 3195 non
789 3131 819 3193 in
837 3131 1034 3213 proprietate
1067 3153 1111 3194 re-

148 3241 257 3313 lativa,
281 3241 355 3302 ideo
379 3241 536 3323 quaeritur
560 3241 730 3322 quomodo
754 3240 1009 3320 distinguuntur.

220 3456 326 3523 Alta
349 3461 418 3522 eat
440 3456 593 3540 opr’m’o
615 3454 878 3536 eommunis,
903 3455 992 3536 quod
1010 3473 1116 3534 perso-

148 3582 203 3628 nae
227 3565 469 3627 constituuntur
493 3565 523 3626 in
540 3565 678 3627 essentia
687 3563 845 3645 personali
863 3582 919 3643 per
936 3559 1114 3632 relationes,

146 3673 251 3756 quod.
265 3672 429 3736 Probatur
440 3671 498 3734 sic:
512 3672 663 3733 Personae
677 3681 734 3733 aut
746 3669 988 3732 constituuntur
1002 3689 1058 3751 per
1071 3689 1117 3732 re-
