2684 4209
257 259 320 322 262
534 259 609 323 Lm.
635 260 649 322 Ι
674 259 968 323 Snurnnnnnou

232 465 337 547 accipi
361 465 540 547 dupliciter,
565 487 632 528 uno
656 466 757 527 modo
773 474 810 527 ut
825 464 1002 546 opponitur
1018 462 1200 524 necessario

231 592 275 633 ex
296 593 343 646 se,
367 572 430 635 alio
455 573 555 634 modo
578 573 683 654 magis
706 572 805 653 large,
831 581 867 633 ut
890 570 1066 652 opponitur
1090 589 1200 631 neces-

232 679 316 741 sario
339 701 361 741 a
375 700 417 741 se.
442 678 551 742 Primo
576 679 685 752 modo,
711 678 856 759 potentia
872 676 1047 761 generandi
1065 696 1130 738 non
1151 675 1200 737 di-

232 785 314 848 citur
338 785 493 867 potentia,
518 786 573 848 sed
597 785 741 847 secundo
766 786 875 858 mod0‚
900 784 1018 846 scilicet
1042 792 1078 844 ut
1093 783 1197 844 estad

233 891 385 972 possibile
407 892 497 973 quod
521 891 698 973 opponitur
722 891 900 953 necessario
923 913 942 952 a
966 910 1065 953 se.—
1092 887 1200 951 Tertio

233 998 325 1061 modo
348 998 465 1061 dicitur
487 998 668 1060 secundum
693 998 779 1059 viam
816 997 904 1060 Scoti
928 996 1018 1078 quod
1050 994 1200 1077 potentia

233 1105 338 1166 activa
362 1105 394 1166 in
418 1104 570 1167 creaturis
593 1114 641 1166 est
665 1103 878 1186 perfectionis,
903 1102 1054 1185 possibile
1084 1111 1197 1164 autem

233 1210 291 1273 sibi
304 1211 560 1293 correspondens
575 1211 653 1273 dicit
665 1209 952 1292 imperfectionem,
966 1217 998 1272 et
1013 1209 1089 1289 quia
1105 1209 1198 1290 quod

234 1327 283 1379 est
306 1316 510 1399 perfectionis
534 1317 565 1379 in
589 1317 742 1380 creaturis
758 1326 867 1398 potest
882 1315 1044 1378 transferri
1060 1316 1101 1377 ad
1118 1315 1202 1377 divi-

233 1445 284 1499 na,
308 1424 385 1487 ideo
408 1425 554 1506 potentia
577 1424 751 1507 generandi
783 1422 972 1486 transfertur
1009 1422 1041 1484 in
1081 1422 1201 1486 divinis

234 1531 295 1594 sub
319 1532 443 1594 ratione
466 1530 620 1612 potentiae
644 1531 773 1594 activae:
798 1531 854 1592 sed
871 1551 936 1593 non
953 1531 1084 1613 ponitur
1099 1549 1197 1592 suum

232 1647 471 1720 correlativum‚
495 1647 614 1709 scilicet
637 1647 797 1728 possibile,
822 1655 858 1709 ut
882 1646 958 1708 dicit
981 1643 1201 1728 imperfectio·

233 1773 319 1827 nem,
343 1753 399 1815 sed
423 1753 485 1815 sub
508 1753 631 1815 ratione
644 1753 800 1835 principii,
817 1763 850 1816 et
865 1754 911 1816 sic
938 1753 1082 1834 potentia
1103 1772 1202 1834 gene-

233 1859 325 1944 randi
349 1861 462 1923 estad
487 1859 605 1922 Filium
629 1870 787 1943 tanquam
811 1861 853 1922 ad
877 1859 1115 1942 principiatum.

176 2197 185 2215 ·
227 2179 284 2260 jor
312 2189 361 2241 est
395 2178 474 2242 salsa
507 2180 583 2261 quia
619 2179 749 2260 majoris
784 2178 959 2242 latitudinis
996 2188 1045 2241 est
1067 2178 1203 2260 negatio

234 2306 334 2368 quam
350 2287 532 2361 affirmatio,
556 2288 633 2369 quia
648 2287 722 2369 plus
735 2295 833 2368 negat
846 2307 908 2349 non
921 2284 1014 2349 homo
1025 2306 1125 2368 quam
1139 2305 1200 2367 po-

233 2401 289 2455 nat
312 2391 414 2456 lzomo.
438 2430 483 2440 -
505 2394 612 2457 Aliter
635 2403 743 2476 potest
759 2393 820 2455 dici
837 2401 870 2455 et
886 2392 999 2454 melius
1015 2391 1197 2454 secundum

234 2499 320 2561 viam
345 2500 510 2574 Varronis
534 2501 624 2582 qnod
648 2501 755 2582 major
776 2509 825 2561 est
848 2519 923 2561 vera
946 2498 971 2560 si
1001 2497 1032 2560 in
1060 2498 1202 2560 affirma-

232 2605 321 2668 tione
336 2615 369 2669 et
392 2606 565 2689 negatione
587 2606 763 2687 accipiatur
786 2626 860 2668 vere
890 2604 952 2667 dici
984 2605 1024 2668 de
1046 2603 1136 2666 omni
1164 2613 1201 2667 et

236 2711 298 2774 dici
322 2713 363 2775 de
387 2713 487 2785 nullo,
514 2733 555 2775 eo
579 2713 679 2775 modo
710 2732 778 2793 quo
805 2712 897 2794 ponit
925 2710 1142 2793 Philosophus
1165 2729 1198 2773 Ι.

237 2818 347 2882 Prior.
371 2819 490 2882 scilicet
513 2819 603 2900 quod
627 2819 689 2880 dici
714 2819 755 2880 de
777 2819 866 2881 omni
890 2827 938 2880 est
961 2817 1095 2899 quando
1119 2816 1198 2879 nihil

234 2935 284 2988 est
306 2945 470 2988 summere
493 2924 554 2987 sub
577 2925 725 3006 subjecto
748 2926 789 2987 de
804 2946 871 3007 quo
888 2945 953 2987 non
975 2924 1101 2987 dicatur
1117 2943 1203 3006 prae·

235 3031 399 3108 dicatum;
423 3031 480 3094 sed
502 3031 547 3092 sic
570 3051 635 3093 non
659 3041 708 3093 est
732 3031 763 3093 in
788 3031 965 3112 proposito

300 3136 358 3200 Ad
377 3138 551 3201 secundum
564 3137 638 3199 dico
650 3137 740 3219 quod
757 3131 974 3219 ‘Augustinus
996 3137 1105 3220 arguit
1119 3157 1200 3200 con-

234 3251 284 3306 tra
307 3244 528 3306 Maximinum
553 3243 608 3325 qui
632 3244 775 3326 ponebat
800 3244 919 3306 Filium
945 3243 1007 3306 Dei
1022 3264 1091 3306 esse
1114 3263 1202 3305 crea-

233 3357 358 3426 turam;
384 3351 447 3413 hoc
469 3359 580 3412 autem
612 3351 728 3432 posito,
753 3351 837 3413 bene
860 3351 1004 3434 sequitur
1042 3351 1132 3432 quod
1168 3349 1198 3412 si

233 3456 328 3519 Pater
352 3477 417 3520 non
442 3466 551 3538 posset
575 3477 728 3539 generare
753 3456 882 3530 Filium,
896 3457 985 3538 quod
1014 3476 1079 3519 non
1111 3465 1197 3520 esset

231 3563 452 3645 omnipotens.
487 3599 531 3611 -
566 3563 672 3626 Aliter
707 3563 824 3626 dicitur
848 3564 938 3646 quod
961 3573 1196 3646 argumentum

230 3667 414 3751 Augustini
437 3678 526 3732 tenet
549 3670 652 3753 gratia
677 3671 830 3746 materiae,
855 3669 931 3752 quia
947 3691 990 3733 ex
1011 3670 1073 3733 hoc
1096 3670 1203 3753 sequi-

299 2087 350 2135 nn
367 2087 510 2137 anuu
535 2087 752 2136 Pnrncrnncn
776 2073 888 2134 dicunt
911 2072 1009 2154 aliqui
1025 2072 1114 2153 quod
1131 2091 1202 2134 ma·

1334 2739 1335 2776 l

1334 2867 1335 2916 l
